2982 4782
693 1181 752 1305 1⁰.

538 1381 841 1497 'Carmeu139.

444 1550 517 1632 Ad
560 1547 983 1616 thaliarch'um.

161 1727 277 1842 Olim
310 1787 405 1848 quum
443 1765 591 1828 Horatius
630 1787 701 1828 cum
744 1766 812 1830 aiiis
852 1779 950 1828 aetate
985 1781 1014 1829 et
1043 1774 1145 1830 auimo
1179 1795 1258 1832 con·
1338 1769 1344 1784 ’

164 1863 275 1928 iunctis
298 1865 459 1926 iuvenibus
482 1865 617 1926 hilariter
638 1885 673 1926 ac
695 1860 814 1926 modice
835 1858 1036 1946 epularetur,
1046 1867 1124 1929 sorte
1145 1871 1258 1930 sactum

164 1985 228 2026 esse
250 1951 394 2042 videtur,
415 1975 448 2024 ut
469 1975 575 2046 gratae
589 1944 745 2024 sodalium
769 1985 902 2044 nugae
887 1971 916 2024 et
937 1965 1090 2046 colloquia
1104 1967 1143 2024 ed
1167 1967 1259 2026 serias
1284 1981 1287 1984 ·

164 2083 226 2138 res,
250 2063 290 2124 ad
312 2064 356 2122 rei
380 2061 520 2142 publicae
539 2062 654 2137 tristem
669 2061 875 2124 conditionem
896 2071 926 2121 et
947 2061 986 2122 ad
1009 2063 1186 2123 futurorum
1209 2075 1259 2121 r.e
1335 2051 1338 2058 ’

163 2179 231 2220 rum
252 2163 391 2220 miseram
416 2161 671 2239 exspectationem
694 2159 1057 2240 pauiatim‘aberrarent.
1100 2162 1135 2218 ·Is
1157 2169 1258 2220 autem

98 2291 101 2304 ·
164 2278 265 2318 sermo
298 2278 395 2338 quum
419 2257 665 2331 accumbentium
695 2257 863 2354 amicorum
899 2277 1020 2317 serenos
1050 2258 1153 2318 vuitus
1184 2258 1259 2318 atris

166 2354 299 2424 nubibus
321 2364 356 2415 ut
379 2353 411 2412 fit
433 2354 611 2429 obducere,
648 2353 763 2413 animos
790 2375 808 2414 a
815 2340 981 2416 iocatione
1009 2363 1041 2414 et
1073 2355 1260 2416 iucunditate

103 2519 117 2537 -.
163 2449 276 2513 coenas
296 2473 429 2513 evocare
450 2451 612 2530 coepisset,
648 2465 686 2511 en
708 2451 810 2511 subito
832 2439 921 2542 poeta
944 2454 1041 2534 surgit
1063 2463 1094 2512 et
1114 2454 1259 2529 „demum

58 2636 63 2641 Ι
164 2549 286 2623 elamat,
307 2549 474 2631 superciliis
498 2551 606 2628 nubes,
625 2549 719 2610 nolite
739 2571 892 2632 quaerere
913 2551 987 2630 quid
1011 2553 1148 2612 futurum
1171 2551 1259 2612 nobis
1354 2584 1359 2590 ·

166 2651 244 2710 ferre
260 2652 354 2730 possit
376 2659 505 2730 tempus,
520 2649 640 2728 carpite
653 2650 734 2709 diem
755 2660 787 2709 et
804 2648 1003 2726 fruiminiiis
1018 2671 1097 2730 quae
1119 2653 1148 2708 iu
1163 2655 1258 2730 'pree-
1310 2664 1315 2672 “

103 2759 106 2764 ’
166 2757 233 2810 sens
254 2759 373 2828 tempus
406 2748 509 2806 diviua
535 2746 620 2806 dedit
653 2746 828 2828 benignitas
850 2745 971 2810 donis.“
1004 2783 1046 2798 -
1080 2745 1164 2807 Hanc
1186 2757 1260 2827 puto
1326 2739 1336 2771 ³

165 2843 255 2906 fuisse
277 2845 466 2904 occasionem
488 2845 690 2924 componendi
714 2844 799 2924 parvi
816 2844 938 2924 quidem
963 2844 1055 2904 huius
1075 2845 1126 2906 scd
1144 2847 1259 2925 egregii

168 2942 320 3005 carminis.
365 2945 426 3002 iem
446 2943 624 3016 admirare,
661 2953 793 3023 quanta
805 2953 872 3002 arte
901 2954 1077 3022 quantaque
1101 2943 1261 3022 prudentis
1335 2986 1339 2992 -

171 3040 317 3099 limatius
338 3062 401 3098 rem
424 3041 599 3105 instituerit.
644 3041 712 3099 Non
733 3039 853 3128 sodales
871 3039 1041 3124 alloquitur
1061 3041 1115 3100 sed
1133 3040 1259 3102 thaliar-

83 3188 91 3196 .
167 3137 289 3198 chum.
311 3139 387 3207 Nam
412 3138 441 3196 id
466 3141 596 3197 niaxime
617 3117 788 3202 cavendum
810 3148 855 3196 est
884 3159 922 3196 ne
945 3139 1016 3218 quis
1035 3137 1188 3201 Oreiiium
1210 3161 1274 3198 se--
1341 3130 1346 3134 ’

167 3245 293 3318 quatur,
314 3240 364 3315 qui
388 3259 471 3312 „non
494 3236 643 3317 loquitur,
666 3237 775 3317 inquit,
800 3237 839 3296 de
861 3256 935 3297 vero
946 3225 1144 3320 θαλιάρχῳ,
1177 3259 1260 3313 συμ-
1276 3316 1279 3319 ¹

168 3329 332 3416 ποσιάρχῳ
360 3336 491 3395 convivii
523 3357 596 3395 ase
625 3333 820 3411 celebrandi,
853 3335 905 3394 sed
941 3333 999 3394 hoc
1031 3355 1141 3395 nomen
1174 3339 1260 3414 qussi

167 3433 329 3512 proprium
355 3433 488 3512 delegit,
509 3437 600 3494 etiam
622 3437 694 3512 quia
716 3439 895 3494 sonorum.“
935 3435 1025 3510 Quae
1054 3431 1172 3493 utinam
1194 3444 1261 3512 post

169 3531 321 3606 lacobsr'r',
352 3527 408 3588 viri
430 3529 607 3608 clarissimi,
639 3533 732 3613 (opp.
752 3533 789 3592 Τ.
813 3533 854 3592 V.
878 3554 908 3613 i's
927 3531 1013 3612 378)-
1031 3531 1199 3612 elegantem
1221 3531 1260 3592 de
1290 3569 1296 3572 -

168 3627 229 3686 hoc
253 3625 378 3687 nomine
402 3629 642 3710 disputationem
666 3633 697 3688 iu
728 3639 791 3701 tam
814 3631 896 3689 hono
915 3631 1050 3690 editione
1083 3619 1144 3690 riou
1180 3627 1260 3710 iege·

144 3731 281 3790 rrectius.
326 3727 375 3786 Ab
399 3729 589 3806 ipso-‘autem
612 3729 747 3788 iacobsio
774 3731 815 3788 ito
845 3749 900 3809 ego
930 3728 1098 3804 dissentio,
1134 3739 1167 3789 ut
1198 3749 1271 3811 nou

171 3813 291 3884 credam
316 3829 417 3904 parari
439 3849 456 3896 a
477 3839 567 3906 poeta
590 3847 729 3902 coenam,
752 3825 804 3884 sed
826 3828 886 3885 iam
907 3821 1117 3886 accumbentes
1141 3826 1261 3886 videam

170 3911 374 3982 sosiaics'sive
398 3925 479 4004 apud
505 3923 665 3983 Horatium
686 3924 750 3984 sive
769 3924 850 4006 apud
872 3922 965 3984 alium
987 3943 1026 3983 ex
1048 3924 1164 3983 amicis.
1196 3925 1260 3982 Ne·

170 4027 230 4104 que
254 4021 284 4082 id
308 4030 423 4084 temere
442 4023 518 4084 mihi
540 4022 603 4104 ipse
623 4024 778 4104 percussi,
801 4021 854 4084 sed
864 4021 1021 4105 ‘persuasit
1043 4020 1189 4082 carminis
1208 4009 1288 4079 ua?
