2982 4782
607 295 686 390 '·-
738 341 785 410 ao
839 369 888 391 -

210 540 253 592 tes
274 531 479 608 diminutum
504 544 576 622 sunt
598 533 677 602 enim
710 532 761 613 qui
788 530 945 612 dialogum
970 554 1034 594 esse
1064 555 1187 596 carmen
1219 533 1308 595 arbi.

211 643 341 707 trentuu,
365 646 436 693 sunt
457 635 547 694 etiam
561 644 653 714 atque
675 632 696 691 ii
716 631 799 702 ¹luaud
816 632 1054 713 spernendi,qui
1072 635 1161 694 unius
1182 644 1308 694 tutatum

206 732 451 814 umbraeverba
473 731 647 810 audirese
675 740 793 812 putent.
830 725 882 790 'Ex
902 731 965 791 villa
1000 741 1084 810 perte
1116 744 1187 792 stant
1222 733 1307 814 quod

209 832 299 890 sciam
324 831 610 910 omnessupcriores
633 841 664 890 et
679 830 803 904 Germe,
825 851 859 912 ex
873 829 939 915 {bac
950 839 1081 910 'praeter
1097 831 1309 912 Hottingerum

185 1011 192 1022 r
210 939 221 996 t
228 929 288 987 vid.
298 949 346 1008 ap.
355 928 466 1024 Orell.)
484 929 533 988 W
532 929 651 1008 eisln'm,
662 929 877 1006 Grotesendus‚
889 929 1122 1010 Peerlkampiui,
1131 929 1309 1020 Otacilius&

211 1027 283 1086 Nam
319 1028 399 1108 quod
433 1027 620 1091 Cmauboaut
653 1047 778 1108 quoque
810 1025 936 1089 eandem
969 1035 1091 1088 secutus
1122 1049 1204 1095 esse¹
1224 1029 1307 1106 apud

212 1126 365 1189 Orellium
387 1126 512 1200 dicitur,
536 1125 566 1186 id
589 1124 681 1206 paulo
704 1136 756 1185 aut
779 1125 978 1206 negligentius
1003 1135 1054 1184 aut
1077 1125 1214 1186 callidius
1235 1130 1309 1188 sori·

125 1307 127 1314 y
171 1237 175 1240 ’
212 1228 268 1306 psit
294 1226 343 1286 vir
367 1227 522 1304 egregius,
547 1225 691 1304 quoniam
715 1225 796 1306 quod
818 1223 1046 1304 Peerlkampius
1067 1230 1238 1307 suspicatus
1249 1225 1310 1300 est,

211 1325 290 1380 idem
313 1323 359 1380 liic
383 1343 490 1382 verum
522 1333 551 1384 et
584 1323 789 1386 indubitatum
820 1320 937 1381 babuit.
989 1325 1096 1404 ltaque
1125 1327 1308 1384 sententiam

212 1431 335 1504 rogatus
357 1423 409 1500 qui
433 1421 505 1481 velit
527 1435 609 1482 recte
634 1421 828 1502 respondere,
852 1420 983 1503 primum
1005 1424 1031 1483 ei
1047 1423 1214 1485 videndum
1236 1429 1309 1499 crit,
1354 1433 1357 1441 ‘

213 1533 313 1578 utram
339 1516 456 1600 partem
479 1521 541 1602 ipse
563 1521 676 1598 laudet,
698 1521 807 1582 deinde
828 1542 924 1601 quum
955 1543 992 1581 ne
1011 1530 1047 1584 ,in
1079 1525 1149 1603 ipsis
1181 1523 1307 1604 quidem

139 1615 141 1619 ’
212 1619 354 1698 partibus
376 1617 512 1680 homines
533 1623 614 1680 inter
637 1641 669 1682 se
684 1623 889 1693 consentiant,
909 1640 999 1700 quem
1023 1622 1052 1680 in
1067 1621 1226 1704 multiplici
1251 1623 1309 1682 bac

212 1721 360 1776 varietate
384 1723 504 1776 viarum
525 1717 802 1796 tanquam-ducem
822 1727 890 1776 tuto
912 1711 1066 1796 sequatur.
1109 1721 1187 1786 Nam
1210 1721 1308 1799 athi,

213 1818 382 1898 quianam
402 1826 519 1876 tantum
548 1817 722 1897 loquentem
737 1817 766 1875 in
793 1817 852 1876 boc
878 1817 1012 1876 carmine
1023 1819 1164 1893 audiunt,
1189 1828 1308 1878 tantum

213 1919 296 1994 abant
322 1901 356 1976 ut
376 1917 456 1974 idem
477 1937 581 1982 omnes
604 1913 714 1989 velint,
741 1923 776 1974 ut
798 1915 875 1974 elius
889 1915 1044 1996 Archytae
1066 1919 1307 2004 (Peudkonrpius
1335 1901 1338 1904 ¹

108 2086 112 2092 ⁴
215 2028 244 2076 et
269 2019 324 2080 Ge.
348 2004 524 2076 Fabricziu.
552 2014 615 2074 uid.
641 2013 768 2089 orell),
800 2013 876 2086 alius
906 2014 1061 2094 peregrini
1095 2017 1309 2107 nesciocuius

43 2333 147 2586 ι

214 2116 345 2190 bominis
369 2114 530 2195 naufragio
551 2109 695 2174 exstincti
715 2114 879 2194 (Or-ellim),
902 2113 976 2172 alius
991 2109 1093 2193 ipsius
1116 2115 1192 2174 adeo
1207 2115 1311 2175 Hora·
1391 2100 1395 2113 ¹

214 2217 255 2294 tii¹
275 2217 402 2274 viventis
424 2225 524 2274 tamen
555 2235 590 2272 ac
613 2214 742 2296 vigentis
772 2213 913 2300 umbram
936 2212 1113 2286 (Wez'slu'us
1146 2223 1177 2274 ct
1196 2215 1310 2274 Grote·

206 2313 376 2394 sardus)
369 2334 398 2382 ιιι
432 2313 536 2373 littore
570 2312 814 2374 deambulantem
850 2335 885 2372 ac
924 2311 1145 2373 declamantem
1187 2317 1310 2376 aurium

216 2413 387 2488 mentisque
408 2413 472 2470 acie
493 2425 616 2484 cernat;
642 2415 682 2472 ita
704 2433 741 2472 ne
765 2393 859 2502 altera
879 2411 1003 2494 quaidem
1026 2433 1096 2490 pars
1118 2413 1213 2492 magis
1233 2397 1312 2470 intbr

215 2531 247 2572 se
278 2510 427 2587 congruit.
470 2511 579 2588 Agitur
605 2511 684 2568 enim
706 2509 743 2602 de
765 2505 843 2583 loco,
866 2531 928 2591 quo
960 2511 1195 2590 colloquentium
1231 2509 1311 2569 alte·

144 2637 155 2643 ’
215 2631 285 2670 rum
309 2607 509 2681 desinentem,
535 2607 730 2688 incipientem
753 2609 882 2670 alterum
907 2609 1040 2688 faciunt3
1066 2612 1096 2668 in
1119 2631 1178 2691 qua
1215 2610 1311 2672 reita

216 2705 386 2788 litigantur,
408 2719 441 2766 ut
463 2707 588 2788 plurimi
610 2729 643 2766 ex
668 2710 878 2789 antiquissima
901 2710 1103 2770 se‘sententis
1128 2713 1158 2770 in
1182 2712 1314 2789 septimo

112 2839 114 2843 .
217 2828 307 2868 versu
337 2828 404 2864 enm
436 2806 573 2866 locum
567 2807 714 2867 invenisse
746 2818 871 2888 putent,
900 2809 1103 2870 Buttmannus
1134 2810 1314 2868 vicesimum

217 2908 352 3004 primum
376 2927 495 2966 versum
520 2905 614 2968 malit.
663 2905 742 2966 Utut
771 2919 870 2966 tannen
905 2908 1107 2982 dissentiunt,
1143 2907 1200 2968 boc
1228 2917 1315 2968 certe

218 3006 397 3069 adversatus
422 3015 586 3086 praestant,
602 3006 684 3088 quod
705 3011 775 3088 quia
789 3007 910 3088 priores
929 3010 1018 3066 etiam
1036 3010 1174 3086 potiores
1193 2989 1312 3072 tamdiu

219 3107 408 3166 videbuntur
431 3126 522 3186 quam
553 3104 678 3164 abillis
708 3109 862 3166 rationum
894 3106 1083 3187 praestantia
1113 3127 1149 3166 ac
1182 3109 1314 3196 veritate

219 3206 287 3266 loco
317 3207 425 3264 cedere
448 3226 507 3265 uon
530 3213 690 3282 coguntur.
733 3206 828 3266 Unde
848 3187 892 3278 tt,
916 3216 948 3262 u't
973 3209 1026 3286 qui
1044 3203 1194 3262 ΙΡΙῙειίΙιίἰ
1214 3203 1315 3265 socio·

165 3298 181 3357 ”.
219 3325 348 3392 rumque
366 3298 508 3382 ¹opinioni
529 3303 662 3376 faveant,
698 3305 733 3360 iis
765 3305 903 3382 imposita
932 3306 970 3366 sit
1003 3303 1164 3372 necessitas
1200 3301 1313 3382 duplex

121 3447 123 3459 .
220 3413 248 3458 et
272 3401 490 3494 improbandae
512 3401 623 3480 prioris
645 3404 812 3462 sententiae
835 3414 863 3460 et
885 3403 1132 3478 comprobandae
1150 3423 1231 3464 suae.
1256 3401 1315 3463 Cui

222 3501 265 3560 rei
300 3521 360 3581 qua
395 3502 513 3563 ratione
545 3501 747 3564 satisfecerint
772 3503 1018 3564 examinantibus
1055 3502 1194 3586 promtus
1226 3499 1314 3592 nobis

222 3638 495 3698 Ἣ·
533 3661 538 3666 ,
570 3659 574 3664 .
1325 3597 1336 3608 =

279 3767 304 3827 r)
332 3759 371 3809 (ΣΙ.
394 3761 498 3814 (ierber
516 3763 543 3812 iu
564 3735 722 3829 programm.
746 3761 828 3814 schot.
852 3731 1032 3824 Soudeisltus.
1064 3765 1135 3827 1839,
1177 3759 1317 3842 Weisltius

328 3845 451 3898 inlalml
473 3848 567 3899 ιΙιιιιιιΙ.
589 3847 653 3916 puit.
681 3857 708 3898 et
731 3837 808 3918 paod.
834 3851 905 3902 1830.
935 3850 994 3901 ΧΙΙ
1021 3868 1040 3901 ι.
1080 3847 1293 3917 Grotefeiadus
1286 3837 1317 3896 ιιι

277 3931 438 3984 ΙΙΕιισΙι
447 3943 475 3986 et
495 3937 608 3989 tincher.
627 3936 789 4046 ΕιιιγιΙοιι.1
803 3943 868 3988 sect.
895 3939 915 3988 Ι.
933 3937 960 3992 P.
981 3937 1010 3988 X.
1039 3955 1064 4005 p.
1084 3939 1145 4004 470.
1165 3933 1270 3988 reu-u
1289 3943 1319 3984 et

288 4021 439 4078 Orell'
433 4035 458 4070 m
477 4020 555 4072 editt.
