2982 4782
688 367 838 460 ...nn
887 425 938 445 .-

176 625 177 634 ,
257 601 317 660 que
339 577 480 638 laudibus
501 587 699 655 eroroaretur
719 579 882 656 imperium
906 576 1096 651 itomanam
1117 577 1158 639 ita
1181 585 1296 664 temen,
1318 583 1354 634 ut

257 678 346 739 simul
368 677 593 750 ostenderetur,
615 691 677 758 quo
698 680 784 757 quasi
805 675 1002 736 limdamento
1034 677 1185 738 niteretur
1218 673 1283 736 lnus
1312 693 1349 734 ao
1411 741 1412 746 ἵ

257 777 352 857 gloria
375 779 416 836 rei
438 777 603 840 Romanae.
646 777 780 836 Divinae
800 776 882 834 enim
903 775 1042 853 corporis
1071 785 1100 834 et
1126 773 1219 832 animi
1252 773 1351 832 facul.

124 877 132 884 “
231 932 234 944 ,
257 885 332 937 tates
355 876 477 936 Romuli
498 877 694 956 quantumvis
707 875 737 934 id
759 873 940 950 effecissent,
963 885 995 934 ut
1016 883 1081 932 tum
1098 873 1221 954 quidem
1245 883 1354 954 pacata

255 975 311 1036 dea
351 975 512 1036 videretur
542 995 619 1034 neve
654 974 734 1034 inter
767 975 897 1034 deorum
935 993 1098 1032 numerum
1134 971 1242 1032 referri
1265 971 1352 1032 illum
1399 983 1408 990 ’

255 1095 346 1156 aegre
371 1083 542 1154 pateretur,
563 1085 665 1133 tamen
682 1071 745 1132 non'
763 1075 832 1134 satis
849 1073 1021 1146 valuerunt,
1042 1065 1243 1142 utsimultate
1265 1071 1350 1130 omni

256 1173 374 1234 abiecta
397 1184 480 1232 certa
504 1194 560 1253 pax
581 1174 822 1232 constitueretur.
867 1171 1002 1232 Caveunt
1026 1171 1121 1250 igitur
1144 1171 1292 1244 Romani,
1312 1191 1352 1230 ne

257 1272 351 1347 vitiis,
371 1290 449 1350 quae
471 1271 623 1330 contraria
645 1283 714 1330 sunt
738 1271 884 1346 iustitiae,
912 1271 1116 1343 constantiae,
1138 1258 1351 1345 moderationi,

209 1427 215 1440 „
256 1353 379 1432 veteres²
392 1369 568 1429 inimicitiae
589 1369 794 1443 reviviscant3
816 1370 1046 1440 caveantetienu
1068 1389 1105 1426 ne
1131 1369 1223 1429 nimia
1244 1378 1352 1447 poten·

256 1468 298 1526 tia
321 1469 508 1528 elati'nimia
532 1466 696 1528 moliantur
717 1487 793 1527 neve
812 1467 915 1524 omnia
938 1467 993 1526 sibi
1017 1487 1157 1528 corrnessa
1185 1487 1250 1528 esse
1282 1487 1353 1526 cre-

257 1564 341 1625 dant.
384 1567 434 1626 Sic
458 1566 594 1646 intelligo
624 1565 716 1642 illud,
748 1565 831 1646 quod
864 1565 934 1626 inde
963 1587 979 1624 a
1010 1585 1039 1630 v.
1070 1566 1118 1646 57.
1150 1565 1238 1626 addit
1262 1549 1350 1628 luno.

259 1663 448 1740 Extremum,
474 1667 558 1746 quod
579 1677 684 1726 contre
710 1665 784 1724 deae
805 1663 994 1724 voluntatem
1025 1663 1088 1722 lieri
1118 1673 1235 1744 posset,
1257 1684 1353 1724 cona·

260 1773 365 1820 rentur
385 1764 526 1836 Romani,
547 1769 570 1824 si
592 1764 718 1826 Troiam
743 1765 848 1824 urbem
873 1766 903 1825 iu
922 1764 1087 1842 pristinum
1115 1773 1226 1822 statum
1261 1764 1356 1824 resti..¹
1463 1773 1464 1786 ¹

259 1868 346 1920 tuere
360 1861 490 1926 uellent.
530 1862 613 1922 Etsi
635 1861 691 1924 hae
713 1861 779 1942 lega
801 1865 895 1923 totius
915 1862 998 1924 orbis
1018 1871 1169 1934 terrarum
1192 1847 1351 1941 imperium

260 1957 643 2038 Romanie'permittitur,
679 1981 718 2020 ue
745 1960 823 2020 illius
855 1961 939 2020 urbis
970 1959 1160 2038 reparandae
1190 1959 1350 2020 eonsilium

261 2057 403 2137 capiant:
424 2079 461 2118 eo
482 2057 558 2120 nihil
580 2058 664 2120 aliud
687 2058 848 2136 significari
871 2068 962 2139 puto,
994 2061 1051 2121 nisi
1079 2058 1162 2140 quod
1195 2049 1285 2118 modo
1311 2059 1353 2120 ei·

263 2157 413 2234 gnificavi.
447 2157 481 2218 ld
503 2160 598 2234 enim,
618 2159 642 2217 ei
665 2157 738 2238 quid
761 2157 855 2246 aliud,
881 2157 955 2218 deae
978 2158 1062 2244 iram
1078 2159 1207 2218 excitare
1239 2158 1353 2218 debuit.

263 2255 355 2328 Quod
379 2267 481 2316 nutem
502 2255 558 2316 hac
581 2256 769 2335 potissimum
793 2277 825 2316 re
849 2257 992 2316 Horatius
1019 2277 1090 2316 usus
1122 2268 1186 2332 est,
1221 2257 1253 2316 id
1283 2256 1352 2316 ideo

261 2349 533 2442 fecisse'videtum
562 2355 642 2440 quod
667 2356 742 2416 luno
763 2365 831 2434 est„
862 2358 948 2418 ouius
981 2355 1078 2419 verim
1107 2354 1295 2426 nsi·raut1ir·‚
1322 2364 1359 2419 et,

262 2437 346 2538 duod
366 2453 455 2510 etiam
477 2463 541 2514 tum
563 2453 698 2514 omnium
723 2454 831 2518 animis
854 2453 981 2512 haerere
1001 2455 1098 2534 potuit
1119 2474 1224 2514 rumor
1245 2452 1295 2516 ille
1316 2453 1360 2512 de·

263 2549 325 2606 divi
348 2548 417 2610 lulii
439 2551 576 2626 coneilio.
600 2553 660 2615 Sed
680 2553 920 2615 haechactenus.
945 2552 1123 2630 Grotestndi
1144 2553 1226 2626 eni-m
1248 2553 1355 2632 opinio
1426 2624 1431 2630 Ι

240 2707 241 2712 1
264 2646 338 2720 (vid.
359 2647 481 2710 Erschii
504 2655 534 2710 ‘et
548 2649 682 2726 Gruberi
706 2651 864 2732 errcyiclep.
884 2661 956 2718 sect.
979 2654 1018 2716 ll.
1042 2661 1120 2731 part.
1137 2654 1177 2716 Χ.
1200 2675 1231 2734 p.
1254 2651 1352 2734 475.),

262 2765 322 2826 qua
343 2750 478 2810 carmine
499 2745 565 2814 toto
588 2751 718 2830 Augusti
745 2749 850 2816 laudes
876 2771 910 2828 ac
939 2752 1045 2810 merita
1073 2751 1111 2812 de
1140 2753 1271 2830 imperio
1291 2753 1354 2810 Ro-

168 2839 175 2856 ‘
263 2864 354 2906 meno
383 2847 530 2910 celebrari
558 2847 723 2926 dicuntur,
759 2850 984 2929 angustioribus
1017 2852 1159 2916 terminis
1194 2840 1352 2910 Horatium

262 2943 448 3013 concludere
468 2945 541 3008 mihi
564 2947 693 3012 videtur.
734 2947 869 3010 Schulzr'i
895 2961 997 3010 autem
1030 2948 1115 3030 (tiber
1135 2949 1353 3028 dittunluffuttq

262 3047 323 3110 uni
345 3046 455 3132 tttssctu
475 3041 535 3112 uon
562 3047 635 3126 uer.
665 3048 720 3122 ill,
749 3050 779 3114 3.
820 3042 999 3127 &dilatuvit
1028 3054 1124 3121 1831)
1153 3053 1183 3108 e‘t
1207 3042 1355 3108 Monirtit

262 3147 518 3228 (detrudituugm
551 3146 736 3230 botulfum
768 3146 857 3229 turta.
886 3150 996 3231 ‘pragu
1040 3149 1209 3224 &miserita
1246 3150 1353 3217 1837.)

174 3277 177 3285 =
260 3242 363 3304 libros
376 3254 411 3304 ut
433 3244 565 3323 legerem
586 3267 649 3309 uon
671 3248 808 3326 contigit.
853 3247 1038 3328 Priusquam
1061 3259 1162 3308 tamen
1194 3246 1234 3310 ad
1262 3244 1353 3306 aliana

166 3405 171 3412 ,
260 3362 324 3400 rem
358 3341 548 3422 progrediar,
582 3363 644 3402 noo
666 3363 789 3423 possum
812 3344 929 3422 faeere,
951 3348 1024 3426 quin
1046 3347 1149 3427 paucis
1172 3343 1273 3406 raelaia
1289 3364 1355 3404 mo·

259 3461 357 3517 neam,
380 3440 489 3505 falsam
511 3440 586 3541 milui
608 3441 704 3506 videri
723 3441 838 3512 Orellii
860 3443 1088 3508 adnotationem
1111 3443 1150 3506 ad
1173 3464 1206 3502 v.
1222 3444 1270 3504 do.
1284 3441 1362 3517 „Ut

258 3550 359 3621 poeta,
383 3543 481 3622 inquit
492 3539 562 3618 ille,
585 3537 700 3600 nullam
715 3540 807 3602 habet
829 3542 977 3602 rationem
993 3553 1126 3603 aetatum
1146 3544 1225 3601 inter
1239 3540 1352 3600 Troiae

258 3639 408 3700 excidium
443 3652 474 3701 et
506 3639 630 3700 Romuli
661 3638 839 3699 adscensum
877 3643 907 3700 in
937 3641 1054 3718 coelum
1083 3640 1354 3722 pr=aeteritarum.“
1435 3722 1440 3728 Ι

141 3723 143 3728 ’
225 3773 232 3779 -
257 3738 333 3798 Nam
364 3739 469 3799 odmm
497 3748 591 3820 atque
621 3738 809 3820 inexplebilis
840 3742 894 3798 irn'
920 3751 981 3800 tam
1003 3743 1141 3802 firmiter
1163 3743 1202 3830 vin
1225 3738 1350 3797 lunonis

261 3840 363 3896 animo
385 3835 516 3911 insedit,
540 3847 575 3895 ut
596 3857 634 3900 ne
662 3845 728 3896 tum
750 3837 872 3919 quidem
894 3849 963 3918 post
982 3849 1027 3898 tot
1047 3860 1144 3900 aranos
1166 3837 1351 3898 iniuriarum

190 3975 194 3980 -
260 3937 356 4016 possit
377 3936 432 3995 dea
449 3934 599 4002 oblivisci.
635 3937 788 4030 ''Deorom
822 3937 987 4016 concilium
1016 3949 1216 4000 convocatum
1247 3937 1351 3996 estin

260 4035 386 4096 aedibus
407 4032 509 4115 lovis;
540 4035 751 4114 deliberatur,
769 4036 880 4098 'utrum
906 4033 990 4098 'inter
1017 4037 1154 4120 ipsorum
1186 4054 1348 4100 numerum
1446 4067 1453 4078 -
