2930 4778
644 419 691 437 -
743 383 814 454 sss
858 393 932 486 ,-·

232 593 299 637 esse
316 583 413 649 nsunt,
436 571 590 655 qnoquod
609 571 713 630 verbis
725 569 903 644 affirmetur,
925 577 1053 646 negetur
1069 569 1130 648 ipss
1143 589 1197 642 re3
1219 583 1327 630 contre

234 693 373 752 magnam
394 689 499 730 eornm
518 670 658 730 iocorum
674 679 804 747 partem,
826 669 878 747 qni
898 667 932 724 in
946 684 1011 724 eunt
1034 685 1097 724 reru
1120 668 1253 746 pruferrr'
1273 691 1323 727 so.

228 771 296 830 ient
318 793 336 830 n
358 769 430 831 viris
451 769 560 841 doctis,
587 777 669 825 recta
688 765 908 846 interpretandi
931 767 1050 824 ratione
1071 765 1196 841 auferri,
1214 767 1344 827 inaiiis-
1389 787 1392 795 ¹

232 859 491 946 nuuoursunosr'uv
512 864 609 924 inesse
629 863 792 944 qnondam,
821 884 875 922 eos
901 859 1041 943 denique,
1070 865 1123 943 qni
1145 884 1260 944 pravae
1283 863 1330 925 itti

234 949 395 1025 doctrinae
417 966 546 1022 maxime
570 962 735 1022 videantur
757 961 872 1032 savem,-
898 963 1069 1021 nniversam
1092 960 1224 1042 aiiqnam
1248 964 1345 1040 inra-¹

234 1065 335 1144 ginesn
357 1060 406 1122 vei
425 1060 602 1121 senteutiam
627 1059 777 1134 exhibere,
808 1081 886 1140 qnae
912 1079 1006 1140 quum
1028 1059 1203 1140 compinres
1224 1071 1328 1148 partes

231 1159 285 1218 tel
304 1174 415 1238 geum
433 1158 559 1233 urben,
583 1157 746 1240 tegentium
768 1157 881 1216 indioio
904 1155 946 1216 itu
968 1157 1099 1217 obnoxia
1121 1161 1172 1232 sit,
1194 1168 1228 1218 nt
1250 1157 1326 1240 qnid

233 1276 284 1316 res
305 1257 405 1317 ierant
428 1263 610 1316 recusentve
640 1255 710 1315 inde
730 1255 871 1336 eligatur.
919 1258 952 1318 ln
973 1255 1014 1314 ‘iis
1035 1266 1137 1315 antem
1159 1277 1239 1336 qnae
1261 1245 1332 1317 beri.

235 1355 351 1433 possint
381 1353 429 1414 rel
455 1352 592 1434 intedigi,
629 1360 819 1434 negationem
849 1373 939 1432 posse
970 1353 1064 1432 ipsam
1099 1341 1329 1434 reperirinnis

235 1452 383 1530 negabit?
422 1451 485 1512 Res
521 1453 623 1528 euim,
660 1471 740 1533 quse
780 1448 926 1531 paniatiru
960 1453 1165 1526 minuuntur,
1204 1451 1330 1511 tandem

239 1557 434 1610 evanescunt.
556 1535 558 1538 Ι

320 1647 399 1706 Toto
422 1647 501 1707 baeu
520 1645 692 1726 disputatio·
710 1667 803 1728 qunrn
823 1650 884 1706 iarn
905 1657 981 1706 esset
1000 1640 1119 1726 scripta,
1147 1657 1329 1728 apportatur

239 1743 314 1804 mibi
335 1741 479 1804 Korbieri
498 1744 629 1819 iibelins,
653 1748 702 1803 eni
726 1745 814 1805 index
838 1755 905 1804 est:
925 1745 964 1803 de
985 1755 1125 1804 veterum
1145 1750 1329 1826 scriptorum

235 1858 292 1900 usn
323 1843 353 1900 in
392 1842 653 1902 enuntiationibus
683 1843 779 1902 serbo
810 1841 1050 1920 affirmantibus,
1092 1865 1126 1903 re
1148 1845 1330 1926 negantibus

238 1947 353 2020 (pnngr.
377 1939 471 2004 sebui.
484 1939 635 1998 Zsriuenv.
661 1940 766 2019 1839).
788 1941 890 2020 Atqne
916 1961 1101 2021 magnopere
1122 1943 1225 2018 miror,
1245 1943 1328 2022 quod

228 2039 277 2102 ·V.
301 2040 338 2100 D.
356 2038 488 2098 molesta
511 2038 643 2118 quadarn
675 2037 833 2118 diligentia
856 2038 981 2096 modurn
1010 2048 1173 2118 tantopere
1194 2044 1328 2111 excessit,

235 2147 276 2196 nt
304 2137 336 2198 id
370 2157 467 2217 genus
499 2133 621 2197 dicendi
656 2139 688 2195 in
718 2155 766 2195 sex
790 2145 893 2218 partes
915 2136 1052 2196 dividere
1081 2157 1142 2197 non
1164 2138 1328 2196 dubitaret.

126 2229 129 2232 ’
231 2236 344 2316 iisqne
372 2236 415 2294 ibi
443 2233 611 2315 quidquam
642 2233 757 2306 inveni,
787 2233 869 2314 quod
891 2235 1072 2294 seutentiam
1107 2255 1206 2295 snearn
1236 2255 1329 2316 snpra

237 2332 401 2414 expositum
420 2333 609 2412 redarguat3
634 2334 727 2412 immo
748 2331 838 2392 vaide
859 2331 987 2411 gaudeo,
1014 2333 1097 2414 qnod
1120 2335 1257 2406 labium,
1289 2332 1329 2391 de

238 2431 347 2492 litteris
361 2431 495 2510 antiquis
516 2431 615 2490 virum
636 2432 751 2511 optime
773 2431 917 2491 meritum
941 2431 971 2490 io
987 2431 1070 2496 Anu.
1089 2431 1166 2511 pbii.
1190 2442 1219 2490 et
1240 2429 1329 2510 pred.

148 2517 156 2524 ’
243 2527 330 2609 ¹⁸39·
351 2546 382 2608 9.
403 2529 535 2587 xxvn.
564 2549 588 2586 r.
610 2550 638 2608 p.
666 2549 721 2586 rso
740 2547 785 2610 sq.
809 2529 888 2588 idem
910 2529 985 2602 fere,
1015 2530 1099 2609 quod
1120 2547 1176 2610 ego
1194 2531 1264 2604 feci,
1291 2527 1331 2588 de

238 2623 288 2684 bis
316 2623 406 2684 rebus
436 2624 582 2684 iudiciuin
605 2623 707 2684 iecisse
730 2645 813 2686 nune
836 2623 968 2686 rideam.
1012 2625 1214 2703 Lassrntanius
1237 2625 1330 2706 igitur

233 2721 285 2792 (iu
308 2721 383 2787 edit.
409 2721 517 2786 desub.
541 2712 675 2803 T,·1.p'.
699 2725 815 2784 xcvn
837 2732 898 2806 sq.)
917 2724 976 2784 iarn
1001 2745 1062 2784 non
1084 2725 1166 2785 sotus
1186 2738 1240 2798 est,
1276 2728 1329 2804 qni

234 2820 323 2880 -nlind
357 2820 461 2882 dicere
492 2820 576 2882 atton
606 2823 737 2881 sentire·
758 2839 850 2901 saepe
892 2823 1203 2903 antiqnos'bomines
1237 2821 1331 2882 vebe-

236 2930 360 2980 menter
380 2920 545 2998 negaverit.
591 2920 678 2980 Hune·
700 2930 801 2980 nutem
832 2919 1069 3000 disputationem
1102 2930 1171 3001 post
1200 2921 1353 2981 labnnm·
1381 2989 1384 2999 Ι

234 3019 352 3076 seriniis
370 3017 512 3078 oobibere
535 3017 602 3076 ideo
624 3016 719 3094 notui,
741 3019 822 3099 qnod
844 3017 882 3076 ab
902 3035 951 3094 eo,
974 3019 1018 3078 nti
1039 3018 1195 3080 annalium
1221 3015 1329 3077 natura
1352 3015 1355 3020 ’
1387 3097 1389 3104 Ι

236 3116 319 3187 sutis,
341 3116 467 3176 omniuo
493 3125 611 3174 tentum
626 3115 702 3198 quid
720 3119 848 3176 sentiret
861 3119 1065 3196 enuntiatum,
1087 3117 1127 3177 de
1140 3114 1329 3197 singulorum
1389 3105 1396 3122 ⁵

236 3211 376 3274 iocorum
399 3213 650 3294 interpretatione
671 3214 846 3296 expositum
867 3226 1009 3279 nonest.
