2984 4772
531 845 940 910 reseratio.
1011 846 1015 852 ·
1119 820 1124 829 ’

607 1029 852 1041 ——n-—o—-tnn-

3 1313 4 1376 t
107 1351 113 1362 Ι
191 1257 295 1346 Anno
319 1278 477 1356 superiore
499 1295 586 1356 qurum
615 1278 653 1340 ad
682 1295 740 1340 nos
761 1276 950 1356 pervenisset
971 1274 1102 1348 nuntius,
1125 1272 1280 1346 Oraltiata,

190 1378 284 1438 virum
307 1375 345 1436 dc
368 1376 496 1454 antiquis
520 1377 624 1438 litteris
647 1377 757 1456 optime
781 1376 934 1446 meritum,
963 1373 1077 1434 lloratii
1100 1362 1281 1432 carminibus

191 1475 318 1539 edendis
341 1491 462 1553 operam
483 1481 514 1536 et
534 1475 662 1538 studium
684 1491 835 1550 navasse,
854 1487 967 1535 summa
988 1482 1045 1532 nos
1069 1471 1195 1531 inocasit
1223 1487 1285 1531 er-

190 1573 355 1650 spectatio,
382 1591 451 1634 num
477 1587 555 1651 quae
574 1575 701 1636 maxima
724 1570 872 1633 banebria
893 1569 942 1631 alii
966 1571 1131 1648 scriptores
1153 1569 1191 1629 ab
1223 1569 1298 1628 hoc

157 1671 161 1678 '
193 1669 400 1753 accepissent,
432 1670 539 1732 eadem
572 1673 602 1734 in
623 1669 782 1736 lloratium'
800 1685 919 1747 quoque
941 1674 1045 1730 essent
1063 1667 1182 1728 collata.
1225 1665 1284 1727 Aa·

191 1785 248 1845 que
276 1781 313 1826 ea
337 1783 394 1828 nos
417 1785 487 1848 spes
508 1785 570 1831 non
593 1767 707 1831 11111111.
748 1768 822 1828 Nam
844 1767 974 1845 qtdnque
997 1765 1134 1846 codices,
1158 1781 1287 1844 qrroruna

193 1867 369 1930 uarietatem
382 1865 546 1928 lectiomun
568 1868 724 1928 nobiscum
746 1865 1054 1940 illccommunicavit,
1073 1865 1191 1924 tametsi
1212 1862 1284 1924 novi

192 1973 252 2026 tam
274 1963 395 2026 multum
423 1979 485 2026 non
507 1961 634 2040 babent,
662 1969 762 2024 tamen
783 1977 892 2042 magna
923 1979 1035 2024 eorum.
1056 1969 1103 2024 est
1118 1961 1286 2024 auctoritas

192 2063 231 2124 ad
252 2063 401 2141 antiquam
432 2061 560 2141 aliquam
580 2061 742 2124 lectionem
770 2067 821 2122 aut
842 2060 1096 2140 comprobandam
1119 2059 1285 2122 11111111-

191 2160 320 2242 lcndam.
364 2159 474 2222 Addita
497 2165 545 2222 cst
565 2159 720 2222 familiaris
749 2158 896 2238 quaedam
918 2159 1143 2238 interpretatio,
1180 2175 1285 2220 eorum

191 2259 376 2337 potissimum
407 2257 475 2318 usui
495 2255 661 2333 destinata,
689 2257 801 2337 ,quibus
823 2257 861 2318 11
884 2258 1070 2337 superiorum
1092 2258 1284 2337 interpretum

194 2355 406 2430 adnotationes
439 2355 642 2435 itrspiciendas
674 2363 705 2418 et
734 2357 937 2418 aestimandas
967 2364 1018 2418 aut
1042 2355 1168 2418 facultas
1201 2355 1288 2420 deest

4 2505 26 2554 ,4
132 2499 136 2503 -
195 2453 415 2516 1111111111.
459 2454 496 2544 bi¹
516 2471 575 2534 quo
607 2471 723 2535 genere
755 2472 814 2535 quo
843 2455 940 2535 magis
963 2456 1128 2517 cavendum
1150 2461 1216 2530 est,
1247 2473 1287 2531 ne

195 2566 272 2631 quae
294 2569 312 2613 a
334 2559 423 2632 poeta
444 2552 613 2616 rectissime
637 2553 717 2615 dicta
739 2555 819 2630 sint,
848 2553 1057 2634 elegentibus
1079 2571 1174 2634 prave
1196 2553 1288 2614 intel-

193 2650 343 2730 ligantur,
379 2665 418 2712 11
440 2651 537 2713 maior
555 2651 725 2713 adbibenda
747 2659 796 2713 cst
817 2669 889 2712 cura
912 2657 942 2713 11
965 2652 1119 2732 diligentia
1142 2652 1287 2731 religiosa

194 2749 358 2827 intcmrci'n
402 2747 489 2822 Quod
516 2767 603 2828 quum
627 2750 749 2811 omnino
778 2747 913 2810 01111111
934 2749 1075 2826 iecisset,
1106 2749 1305 2812 111111111-ι

195 2863 258 2909 sam
278 2852 309 2908 et
330 2845 412 2910 baud
431 2847 616 2927 probabilem
636 2849 912 2927 interpretationem
943 2865 998 2927 pro
1021 2865 1093 2909 vera
1115 2855 1146 2910 et
1165 2849 1287 2909 indubi-

193 2950 253 3006 tata
278 2944 435 3024 aliquoties
466 2945 641 3008 vendidisse
665 2947 737 3008 mibi
769 2945 934 3008 videbatur.
983 2947 1015 3008 ld
1046 2963 1134 3025 quum
1168 2947 1207 3009 de
1227 2947 1288 3009 troc

194 3041 316 3106 bomine
338 3043 417 3121 dico,
438 3061 478 3106 no
501 3052 680 3126 arroganter
701 3045 804 3106 dicere
829 3052 879 3136 aut
902 3044 940 3106 dc
961 3045 1048 3106 buius
1069 3045 1158 3107 laude
1181 3045 1288 3108 detra-

194 3140 269 3200 bere
290 3141 367 3204 valla
389 3141 516 3218 videar,
538 3141 691 3203 scribendi
715 3143 773 3200 bac
796 3144 960 3203 occasione
983 3142 1052 3203 data
1078 3157 1289 3222 eorumquae

198 3237 277 3300 inter
304 3239 466 3318 legendum
499 3240 529 3302 in
549 3255 647 3300 meum
679 3255 717 3300 ac
738 3237 955 3318 discipulorum
977 3257 1063 3302 usum
1092 3257 1288 3304 exaraveram

194 3336 321 3414 aliquam
354 3344 467 3416 partem
501 3339 532 3399 in
556 3339 704 3417 publicam
725 3337 973 3418 disceptationem
1004 3357 1118 3422 vocare
1138 3339 1290 3404 constitui

194 3434 240 3496 De
263 3433 418 3498 codicibus
433 3435 507 3497 -boc
531 3451 619 3497 unum
642 3451 771 3512 moneo,
801 3436 949 3498 interdum
968 3454 1030 3498 non
1052 3440 1126 3500 satis
1148 3445 1289 3500 accurate

195 3531 362 3610 adscriptas
394 3533 489 3596 videri
516 3551 621 3597 eorum
654 3534 811 3596 lectiones.
863 3535 950 3607 Quod
985 3552 1073 3614 quum
1103 3553 1290 3619 magnopere

195 3631 362 3694 mirandum
390 3632 429 3692 sit
448 3632 477 3693 in
500 3639 640 3718 spectata·
656 3635 712 3694 viri
737 3633 891 3714 diligentia
926 3641 957 3696 ct
979 3634 1164 3713 assiduitate,
1185 3636 1291 3696 crimi-

196 3729 327 3794 nationis
342 3739 517 3812 argumenta
534 3731 611 3792 baec
632 3749 788 3811 apponam.
832 3732 926 3805 ouon
948 3733 1027 3794 enim
1049 3734 1080 3794 in
1094 3733 1289 3818 *praelatione

198 3826 231 3886 V.
254 3827 292 3890 D.
316 3827 510 3904 indicaverit,
541 3847 619 3907 quae
641 3831 671 3890 in
694 3830 819 3909 sargadis
841 3830 996 3891 codicibus
1020 3833 1153 3893 carmina
1180 3831 1290 3912 legam-2

199 3927 721 4005 11111111111111111111,111111
745 3927 784 3988 ad
800 3928 862 4007 ipsa
885 3929 1017 3990 carmina
1040 3931 1215 3992 varietatem
1240 3931 1288 3990 lc·

197 4023 326 4090 ctionem
353 4023 517 4103 addiderit,
541 4017 614 4090 ‘non
636 4023 728 4090 semel
750 4025 859 4090 iactum
882 4034 944 4104 est,
977 4034 1007 4090 ut
1036 4029 1185 4109 praelatio
1218 4045 1284 4088 oum
