2930 4778
595 373 845 444 -76..

172 570 274 648 potest
294 585 359 630 osso
381 562 639 650 seriptum-quam
662 559 758 646 ipsius
786 565 879 645 primi
900 564 1042 625 carminis
1063 565 1159 645 prima
1180 576 1264 628 stro.

115 699 117 704 ·
172 666 245 748 pha,
275 686 337 746 qua
371 685 432 725 nou
458 675 558 728 totum
588 665 703 724 librum
732 663 783 724 sed
806 685 854 724 ser
874 667 1000 726 tanturn
1024 664 1159 726 earmina
1180 666 1271 746 quasi

103 791 106 796 ·
173 766 291 846 aperiri
313 765 438 846 proprio
460 763 531 826 loco
549 763 633 828 infra
653 755 823 827 ostendam.
856 766 911 847 ,dn
936 783 1012 824 vero
1032 765 1174 824 carmina
1207 785 1299 823 noua

169 865 255 946 prus
275 863 382 926 auditu
404 877 522 925 amores
542 883 603 922 non
627 873 826 944 aspernantur
846 873 900 924 aut
920 864 1172 942 compotationes,
1189 883 1267 943 qua·

174 961 216 1024 les
254 963 285 1022 iu
309 963 402 1022 tertio
424 961 502 1022 libro
523 962 596 1022 satis
628 961 738 1022 erebro
770 953 922 1024 canuntur
956 972 1008 1022 aut
1037 961 1267 1031 instituuntur?

138 1119 141 1124 .
175 1061 294 1124 Deinde
314 1061 382 1142 quis
404 1061 561 1136 concedet,
581 1082 673 1122 earm.
697 1061 720 1122 l.
751 1083 759 1122 ι
784 1071 816 1122 et
838 1063 1054 1143 ll,eoaperte
1074 1059 1207 1142 quadum
1221 1081 1271 1118 ra-

175 1161 259 1222 tione
283 1143 315 1220 et
332 1159 552 1222 eouiuuetioue
568 1161 608 1220 ita
626 1162 769 1241 ooniuugi
791 1173 825 1220 ut
839 1161 956 1243 prologi
977 1159 1076 1220 solent
1089 1169 1120 1220 et
1134 1157 1245 1240 epilogi
1254 1163 1273 1216 't'

177 1261 209 1322 ls
227 1259 326 1320 oredo
343 1259 437 1337 solus,
459 1260 512 1342 qui
533 1281 629 1323 nrm.
652 1260 696 1338 ll,
718 1281 757 1322 no
776 1261 935 1342 epilogum
952 1279 1025 1326 ,esse
1043 1269 1117 1320 aute
1138 1259 1197 1318 iarn
1217 1259 1272 1318 de·

154 1357 276 1444 ⁴derit5
300 1379 363 1441 ¹ego
384 1369 487 1420 autem
509 1379 570 1422 uon
595 1359 647 1422 do.
690 1361 815 1440 Quippe
838 1359 949 1420 ¹eodem
983 1361 1051 1435 iure
1073 1359 1172 1440 primo
1203 1357 1273 1418 eir.

179 1458 254 1520 mirri
286 1456 392 1545 [ὠνῇ]
415 1470 582 1521 extremum
606 1459 683 1520 libri·
700 1457 740 1526 lll
762 1459 947 1540 respondere
976 1477 1032 1518 eur
1047 1474 1049 1481 ·
1065 1477 1126 1518 nou
1148 1457 1275 1542 dicero?

126 1627 131 1647 x
181 1557 258 1618 Nam
280 1557 363 1640 quod
389 1557 468 1618 dicit
498 1557 556 1618 Vir
577 1557 784 1629 doctissimus,
821 1577 911 1620 versu
932 1541 1015 1618 serlo
1044 1564 1145 1638 (quem
1166 1563 1278 1628 uaros)

182 1655 350 1732 Horatium
370 1675 388 1714 a
413 1657 589 1718 Maecenate
608 1655 659 1716 ⁴ad
686 1655 839 1717 edendum
867 1653 982 1716 librum
1006 1665 1109 1736 aperte
1138 1653 1276 1730 incitari,

184 1753 338 1836 idipsum
361 1765 595 1816 controversum
627 1765 672 1828 est
698 1775 797 1836 aeque
818 1755 930 1836 poterit
950 1753 982 1814 in
1002 1754 1128 1814 alterius
1154 1771 1277 1812 eausam

183 1855 269 1932 prius
287 1865 368 1914 recte
389 1853 531 1914 adhiberi
551 1873 643 1935 quam
668 1855 778 1916 iseum
800 1854 1086 1935 interpretationem
1110 1871 1199 1912 uuum
1220 1871 1284 1910 ve.·
1311 1866 1320 1887 s

183 1973 249 2015 ram
279 1974 342 2016 esse
368 1953 550 2018 defenderit.
593 1954 695 2032 Quam
730 1954 854 2034 quidem
885 1954 1090 2034 defensionem
1118 1949 1277 2011 difficilem

184 2075 276 2134 spero
296 2054 443 2118 futuram.
486 2055 682 2134 Quapropter
704 2053 810 2114 libenti
833 2053 936 2136 aniano
955 2051 1110 2128 eeucado,
1141 2052 1194 2131 qui
1214 2059 1278 2109 tres

184 2152 282 2214 libros
308 2155 399 2216 simul
428 2154 524 2218 editos
549 2173 611 2214 esee
641 2153 833 2235 defendimus
863 2153 1036 2214 adiumenta
1068 2171 1175 2232 cupere
1201 2149 1279 2208 inde
1356 2183 1376 2201 ι

186 2273 248 2310 non
272 2274 367 2333 posse,
388 2253 473 2334 quod
496 2273 530 2312 ex
551 2254 642 2312 tertio
664 2251 743 2312 libro
774 2251 934 2332 complura
963 2253 1099 2312 earruina
1123 2245 1278 2312 nonnullis

187 2339 277 2433 primi
300 2353 348 2414 vel
368 2353 493 2414 secundi
517 2353 584 2413 libri
609 2356 714 2432 priora
735 2351 916 2428 videantur3
945 2362 1051 2410 corttra
1079 2369 1135 2429 ego
1155 2369 1279 2428 quoque

188 2453 232 2512 sio
252 2449 325 2510 milii
345 2455 491 2532 persuasi,
515 2463 545 2514 et
568 2473 586 2511 a
608 2452 777 2510 Kirclrnero
794 2461 824 2510 et
842 2451 882 2510 ab
904 2451 969 2510 aliis
1002 2470 1063 2510 non
1091 2468 1186 2528 pauca
1208 2467 1277 2506 oar.

91 2589 96 2594 =
193 2549 273 2610 mina
297 2549 379 2610 virili
401 2553 491 2610 aetati
515 2551 630 2610 Horatii
653 2562 767 2609 temere
789 2549 868 2623 duri,
902 2547 1050 2630 quaevab
1080 2551 1191 2608 iuvene
1219 2546 1281 2607 sint
1333 2539 1338 2548 ⁹

192 2649 373 2733 composita.
427 2648 487 2710 Sed
516 2648 573 2708 hoe
600 2669 722 2730 quoque
747 2669 806 2710 non
841 2660 884 2709 est
915 2647 1239 2728 praetermittendum,
1264 2669 1281 2705 a

188 2746 362 2839 Kirrlmerq
379 2770 410 2829 p.
438 2769 473 2810 ro
495 2769 557 2808 non
582 2758 643 2808 tam
664 2749 737 2828 quid
770 2750 836 2829 ipse
854 2749 961 2808 sentiat
996 2769 1103 2807 verum
1135 2767 1199 2806 esse
1227 2746 1283 2814 de-

191 2841 355 2910 mouslrari
384 2869 475 2928 quam
507 2847 731 2928 Vandesburgii
762 2841 945 2929 opinionem
972 2845 1068 2907 relelli
1104 2845 1151 2906 vel
1183 2845 1284 2925 patius

100 2987 101 2992 κ
190 2946 322 3022 ostendi,
343 2949 454 3028 quibus
476 2945 527 3008 ille
538 2949 635 3009 causis
655 2949 771 3008 innisus
793 2934 832 3007 slt
852 2947 1050 3008 easiufirmes
1067 2965 1134 3005 esse
1154 2956 1185 3004 et
1206 2945 1283 3002 alie.

191 3065 255 3106 nas.
312 3047 412 3124 Quom
452 3047 495 3108 ob
533 3069 600 3108 reru
630 3069 686 3129 ego
716 3028 839 3127 quidem
874 3047 969 3106 veteri
1000 3045 1168 3106 sententiae
1194 3041 1285 3101 iidem

155 3201 158 3206 .
191 3145 333 3221 seruabo,
353 3145 443 3206 simul
473 3145 571 3208 editos
605 3167 670 3208 esse
699 3147 796 3207 libros
818 3159 897 3222 tres;
935 3156 968 3203 ut
990 3161 1098 3204 rursus'
1133 3145 1289 3204 exoriatur

184 3247 342 3332 quaestio,
365 3247 438 3327 quid
463 3249 596 3310 earmina
624 3248 673 3318 lt,
707 3266 747 3332 ao
769 3246 916 3306 Horatius
944 3247 1029 3325 sequi
1057 3244 1201 3320 voluerit,
1222 3254 1287 3302 tum

196 3345 351 3426 quomodo
369 3348 411 3405 uit
433 3334 509 3406 illud
529 3355 696 3406 assecutus.
1079 3353 1081 3359 '

280 3445 323 3505 Et
342 3447 472 3526 primum
495 3445 618 3526 quidem
640 3456 673 3503 ut
686 3443 723 3504 de
741 3441 866 3522 singulis
886 3442 977 3502 rebus
993 3443 1152 3517 disseram,
1177 3439 1289 3514 amieos

198 3540 323 3619 orella,
343 3543 397 3625 qui
419 3552 504 3604 resto
525 3543 655 3624 quodam
684 3539 785 3622 pulcri
814 3562 904 3602 seusu
927 3543 1083 3622 praeditus
1113 3539 1291 3623 putidalllu

183 3652 227 3702 et
250 3654 392 3704 accurata
413 3641 602 3724 singularum
628 3643 831 3720 mutationum
853 3645 1085 3701 enumeratione
1106 3639 1293 3712 laederetur,
1380 3711 1383 3718 .
1418 3692 1425 3703 .

81 3779 84 3786 ·
141 3805 155 3819 ,
200 3742 239 3800 al)
261 3742 383 3802 Orellio
403 3753 512 3802 contra
534 3741 709 3820 disputante
732 3735 966 3821 haudquaquam
989 3741 1128 3799 <leviatus
1149 3748 1205 3800 est.
1237 3734 1292 3797 Et.

201 3841 280 3900 euim
303 3862 396 3921 quum
422 3837 702 3921 quisrespondeat,
726 3837 903 3916 aequalibus
923 3839 1045 3900 'Horatii
1066 3840 1096 3897 id
1119 3860 1180 3898 nou
1200 3843 1294 3914 rrragts
1331 3853 1334 3861 ⁴

169 3947 175 3958 “
201 3937 388 4018 displicuisse
409 3960 500 4018 quum
522 3937 632 3998 slmiles
652 3933 914 4018 μεταμορφώσεις
934 3939 1121 4012 (illidimus,
1152 3939 1185 3996 is
1206 3937 1236 3994 iu
1259 3955 1294 3994 ea

120 4042 126 4052 *
201 4047 305 4098 taruen
327 4060 361 4100 re
383 4035 544 4112 erraverit,
568 4034 647 4116 qaod
669 4038 792 4116 epicuru
813 4057 937 4102 carmen
961 4057 1031 4096 eum
1055 4037 1169 4119 lyrico,
1205 4035 1297 4096 labu-
