2982 4782
612 396 783 484 ..··ιι9’
806 447 894 490 ..ι
972 439 978 449 x

186 607 304 665 intrare
336 623 373 662 ac
395 603 509 688 surore
541 603 689 684 implere
705 611 824 663 veteres
870 553 1047 687 credebant.
1103 601 1197 662 Cuius
1231 599 1275 662 rei

183 678 267 762 testis
287 713 331 762 est
352 701 461 783 Virgil.
483 681 558 764 Neu.
579 702 639 780 Vl,
663 699 703 784 78
726 721 891 782 ,snagnum
915 700 939 760 si
961 709 1084 781 pectore
1108 703 1205 783 possit
1225 707 1278 761 ιιι-

183 805 309 864 cussisse
330 803 454 866 denm“
498 803 662 862 Excutitur
682 813 826 884 pectore,
848 801 903 884 qui
926 811 1031 882 pectus
1050 811 1119 864 ante
1141 797 1319 866 intravih'''

183 899 392 979 Quamobrem
413 899 641 983 Peerlkampius
668 919 742 963 aon·
759 901 870 976 debuit
900 901 1099 981 comprobare
1118 899 1283 960 Hemstcr-

182 993 262 1061 lesaii
280 1002 491 1060 coniecturam
513 999 623 1084 adyti,
651 1007 690 1060 'ut
718 1001 759 1060 sit
784 999 911 1080 Pythrirs
939 1000 1040 1062 menta
1068 999 1164 1077 adyti.
1206 997 1281 1058 Loci

186 1099 365 1178 significatio
393 1099 498 1178 adytis
527 1101 646 1180 proin
678 1097 785 1178 adytis
819 1099 988 1162 necessaria
1017 1108 1082 1172 est,
1122 1105 1282 1178 propterea

135 1209 138 1219 “
187 1197 273 1278 quod
296 1197 471 1259 sacerdotes
491 1198 549 1260 nisi
571 1201 602 1258 iu
625 1197 697 1281 ipsis
718 1196 817 1282 adytis
841 1217 901 1258 nou
926 1197 1133 1280 corripiuntur
1152 1207 1171 1255 a
1190 1193 1277 1274 dem·a

550 1445 668 1519 carm.
695 1447 753 1540 ιιι,
778 1453 841 1540 oo,
867 1450 902 1518 a.

423 1635 490 1687 Cum
512 1652 561 1704 per
577 1633 741 1688 obstantes'
733 1651 860 1686 iuvenum
879 1642 996 1688 catervas
1035 1625 1038 1642 ¹

325 1727 345 1751 ⁴·
398 1718 498 1771 lbit'·
490 1721 622 1790 insignem
642 1728 768 1790 repetens
787 1719 954 1784 Nearchum,

396 1806 531 1862 Grande
550 1821 705 1872 certamen,
724 1807 776 1860 tibi
794 1807 896 1878 praeda
915 1808 995 1860 cedat

478 1893 570 1946 Maior
589 1912 624 1946 aa
642 1893 716 1946 illi..
768 1951 773 1956 ,

264 2060 311 2119 De
334 2056 366 2118 h.
395 2055 429 2118 l..
443 2057 576 2118 Orellius
595 2059 639 2120 sic
661 2057 812 2140 disputat:
847 2057 1057 2136 „Nearchum
1073 2057 1197 2140 grande
1215 2079 1281 2120 cen·

179 2173 282 2220 tannen
306 2158 493 2240 iungendum
518 2179 576 2239 per
595 2160 840 2240 appositionemt
873 2167 991 2238 repetet
1006 2156 1201 2236 Nearchum,
1223 2160 1278 2242 qui

131 2277 158 2338 ᾗ.
179 2269 226 2316 est
246 2277 336 2317 causa
361 2258 534 2320 certaminis
555 2255 691 2338 grandis,
715 2255 757 2344 de¹
778 2276 840 2336 quo
862 2277 1007 2337 maguum
1029 2257 1111 2316 inter
1132 2276 1187 2316 vos
1208 2278 1279 2320 cer.

84 2391 93 2398 »
178 2363 280 2453 tamen
317 2354 426 2414 oritur.
479 2351 549 2415 otii
582 2365 757 2454 separantes
781 2375 832 2421 vr.
867 2355 987 2435 grande
1020 2367 1174 2415 certamen
1196 2377 1223 2420 a.
1247 2377 1277 2424 v.
1303 2381 1310 2390 ··

136 2461 346 2540 “Neaerlurm
368 2459 538 2560 explicante
573 2460 690 2540 grande
711 2449 758 2521 est
780 2471 961 2536 certamen,
992 2459 1045 2521 sed
1080 2463 1165 2541 prior
1198 2463 1276 2523 ratio
1305 2465 1311 2479 ‘

129 2611 133 2618 ,
178 2559 273 2640 magis
302 2561 420 2640 poetica
456 2547 614 2624 videtnrd‘
658 2558 762 2618 Sed
754 2581 784 2620 ιιι
816 2557 875 2619 hac
911 2557 1046 2620 dictione
1079 2559 1158 2620 nihil
1190 2561 1278 2640 inest,‘
1326 2548 1330 2555 ’

178 2657 259 2736 quod
284 2656 322 2716 ad
346 2667 466 2736 poetam
491 2657 590 2716 solum
612 2659 786 2738 pertineat,
811 2639 885 2716 nihil
895 2656 1006 2738 ‚quod
1028 2657 1181 2738 pedestris
1202 2679 1277 2720 ora·
1344 2657 1349 2662 ’

177 2757 222 2818 tio
247 2777 325 2815 non
330 2755 416 2819 ieret.
461 2754 667 2848 Quamobrem
700 2777 763 2815 aon
802 2755 985 2846 quaeritur,
1025 2755 1099 2837 quid
1120 2755 1216 2840 magis
1238 2759 1278 2818 sit

178 2856 352 2933 poeticum,
373 2853 443 2914 scd
449 2852 523 2934 quid
544 2873 650 2912 verum
671 2852 732 2929 sit,
766 2853 840 2934 quid
865 2833 987 2918 falsum.
1031 2854 1120 2916 Acro
1144 2865 1175 2915 et
1198 2854 1276 2916 Por-

173 2953 287 3064 phyrio
309 2972 360 3011 vv.
380 2950 500 3032 grande
521 2965 677 3010 certamen
694 2950 733 3010 ad
756 2950 967 3021 antecedentia
990 2949 1129 3014 trQahunt
1177 2954 1277 3013 Acro-

176 3052 224 3111 nis
246 3049 342 3113 verba
364 3048 445 3108 haud
479 3048 571 3108 dubie
604 3057 751 3129 corrupta
784 3059 867 3112 sunt.
909 3047 1009 3137 [labet
1041 3059 1144 3108 nutem
1180 3048 1274 3110 haec:
1322 3103 1337 3134 4

180 3147 295 3224 „Ordo
319 3158 381 3207 est:
416 3147 492 3206 Cum
514 3167 568 3259 per
590 3147 670 3210 obst.
691 3155 752 3232 cat.
774 3147 921 3206 iuvenum
945 3145 1001 3206 ibit
1025 3145 1142 3228 grande
1171 3150 1272 3207 certa-

64 3295 70 3301 .
159 3263 268 3319 men,
306 3257 447 3326 repetens
471 3245 617 3326 insignem
639 3223 813 3305 Nearchum
837 3247 1033 3306 ooarineaut
1054 3246 1190 3328 equitem
1210 3245 1275 3304 Ro·
1346 3277 1351 3292 ·

177 3365 317 3418 manum,
344 3365 435 3424 quem
450 3344 591 3426 Pyrrhus
614 3344 736 3404 tenebat
759 3343 908 3424 Epirota,
934 3354 988 3404 aut
1012 3341 1271 3406 obscuraelocu·
1298 3374 1306 3385 e

176 3441 307 3502 tionein
329 3442 489 3524 Pyrrhum
512 3442 646 3502 sodalem
669 3453 819 3515 certamen
845 3441 895 3501 ire
916 3441 1008 3518 dixit,
1040 3445 1070 3503 in
1096 3441 1269 3514 mulierem,

176 3561 256 3619 quae
278 3549 434 3600 certamen
457 3562 526 3600 cum
561 3561 595 3600 ea
619 3538 763 3600 habitura
796 3551 888 3614 esset,
925 3541 1049 3622 cupiens
1081 3538 1123 3599 illi
1158 3520 1297 3622 eripere⁸

176 3639 368 3714 Nearchum,
402 3640 496 3719 ipsam
527 3639 608 3698 crriru
638 3641 787 3698 Leaenam
824 3629 942 3720 grande
974 3651 1127 3700 certamen
1159 3639 1270 3707 dixit.“

171 3737 430 3818 ,Mitsclrerlicluirs
453 3739 494 3796 ita
519 3739 576 3797 sibi
595 3737 758 3798 emendare
784 3739 864 3798 visus
886 3747 932 3798 est
939 3735 956 3812 ‚'
981 3748 1013 3798 ut
1024 3739 1067 3802 ,in
1091 3737 1271 3819 particulam

174 3845 245 3894 ante
267 3857 294 3900 v,
307 3837 462 3905 mrdt'erem
485 3837 608 3911 deleret,
631 3847 659 3896 et
674 3856 728 3916 pro
750 3858 817 3898 cnm
831 3856 871 3898 ea
883 3837 977 3896 scribi
1002 3839 1123 3898 iuberet
1146 3857 1213 3898 cnm
1226 3858 1270 3898 en.

177 3932 347 3994 Hoc'recte
369 3935 466 4009 vidit,
500 3935 529 3994 in
553 3933 604 3994 illo
624 3939 752 4000 erravit.
807 3936 983 4016 Utrumque
1004 3956 1039 3996 ex
1061 3936 1272 4018 Porphyrione

176 4021 377 4111 intelligitur,
414 4035 468 4114 qui
498 4031 627 4094 eandem
660 4053 732 4094 cum
763 4031 888 4094 Acrone
918 4030 1272 4115 interpretatiunculas
1334 4041 1344 4048 “
