<?xml version="1.0" encoding="UTF-8"?>
<!DOCTYPE html PUBLIC "-//W3C//DTD XHTML 1.0 Transitional//EN"
    "http://www.w3.org/TR/xhtml1/DTD/xhtml1-transitional.dtd">
<html xmlns="http://www.w3.org/1999/xhtml" xml:lang="en" lang="en">
 <head>
  <title>
</title>
<meta http-equiv="Content-Type" content="text/html;charset=utf-8" />
  <meta name='ocr-system' content='tesseract 3.04.00' />
  <meta name='ocr-capabilities' content='ocr_page ocr_carea ocr_par ocr_line ocrx_word'/>
</head>
<body>
  <div class='ocr_page' id='page_1' title='image "./quaestionumhora00dillgoog_0034.png"; bbox 0 0 2982 4782; ppageno 0'>
   <div class='ocr_carea' id='block_1_1' title="bbox 562 411 816 481">
    <p class='ocr_par' dir='ltr' id='par_1_1' title="bbox 562 411 816 481">
     <span class='ocr_line' id='line_1_1' title="bbox 562 411 816 481; baseline -0.016 0"><span class='ocrx_word' id='word_1_1' title='bbox 562 432 618 481; x_wconf 83' lang='lat'>&#39;·.··</span> <span class='ocrx_word' id='word_1_2' title='bbox 672 411 816 479; x_wconf 73' lang='lat'><strong>21·-</strong></span> 
     </span>
    </p>
   </div>
   <div class='ocr_carea' id='block_1_2' title="bbox 68 597 1244 798">
    <p class='ocr_par' dir='ltr' id='par_1_2' title="bbox 68 597 1231 780">
     <span class='ocr_line' id='line_1_2' title="bbox 68 597 1231 686; baseline 0 -24"><span class='ocrx_word' id='word_1_3' title='bbox 68 673 72 686; x_wconf 47' lang='lat'><strong>,</strong></span> <span class='ocrx_word' id='word_1_4' title='bbox 137 599 266 670; x_wconf 80' lang='lat' dir='ltr'><strong>Romani</strong></span> <span class='ocrx_word' id='word_1_5' title='bbox 287 609 334 661; x_wconf 88' lang='lat' dir='ltr'><strong>tot</strong></span> <span class='ocrx_word' id='word_1_6' title='bbox 348 599 434 660; x_wconf 80' lang='lat' dir='ltr'><strong>betia</strong></span> <span class='ocrx_word' id='word_1_7' title='bbox 454 599 584 660; x_wconf 75' lang='lat' dir='ltr'><strong>feliciter</strong></span> <span class='ocrx_word' id='word_1_8' title='bbox 606 618 741 682; x_wconf 82' lang='lat' dir='ltr'><strong>gerere,</strong></span> <span class='ocrx_word' id='word_1_9' title='bbox 750 608 796 657; x_wconf 90' lang='lat' dir='ltr'><strong>tot</strong></span> <span class='ocrx_word' id='word_1_10' title='bbox 819 597 955 660; x_wconf 88' lang='lat' dir='ltr'><strong>civitates</strong></span> <span class='ocrx_word' id='word_1_11' title='bbox 978 599 1105 680; x_wconf 77' lang='lat' dir='ltr'><strong>gloriose</strong></span> <span class='ocrx_word' id='word_1_12' title='bbox 1125 601 1231 662; x_wconf 78' lang='lat' dir='ltr'><strong>‹ierin-</strong></span> 
     </span>
     <span class='ocr_line' id='line_1_3' title="bbox 136 697 1244 798; baseline -0.001 -38"><span class='ocrx_word' id='word_1_13' title='bbox 136 719 214 774; x_wconf 89' lang='lat' dir='ltr'><strong>cere,</strong></span> <span class='ocrx_word' id='word_1_14' title='bbox 236 709 283 759; x_wconf 86' lang='lat' dir='ltr'><strong>tot</strong></span> <span class='ocrx_word' id='word_1_15' title='bbox 305 697 396 758; x_wconf 89' lang='lat' dir='ltr'><strong>etiam</strong></span> <span class='ocrx_word' id='word_1_16' title='bbox 417 697 632 758; x_wconf 86' lang='lat' dir='ltr'><strong>seditiosorum</strong></span> <span class='ocrx_word' id='word_1_17' title='bbox 652 698 765 756; x_wconf 90' lang='lat' dir='ltr'><strong>civium</strong></span> <span class='ocrx_word' id='word_1_18' title='bbox 787 697 890 757; x_wconf 85' lang='lat' dir='ltr'><strong>turbas</strong></span> <span class='ocrx_word' id='word_1_19' title='bbox 919 698 1025 758; x_wconf 87' lang='lat' dir='ltr'><strong>sedare</strong></span> <span class='ocrx_word' id='word_1_20' title='bbox 1057 711 1244 798; x_wconf 45' lang='lat' dir='ltr'><strong>potuermunt</strong></span> 
     </span>
    </p>
   </div>
   <div class='ocr_carea' id='block_1_3' title="bbox 26 795 1230 879">
    <p class='ocr_par' dir='ltr' id='par_1_3' title="bbox 26 795 1230 879">
     <span class='ocr_line' id='line_1_4' title="bbox 26 795 1230 879; baseline 0.003 -23"><span class='ocrx_word' id='word_1_21' title='bbox 26 859 36 866; x_wconf 76' lang='grc'><strong>,</strong></span> <span class='ocrx_word' id='word_1_22' title='bbox 134 797 292 872; x_wconf 78' lang='lat' dir='ltr'><strong>Romulus,</strong></span> <span class='ocrx_word' id='word_1_23' title='bbox 308 797 562 877; x_wconf 73' lang='lat' dir='ltr'><strong>prudentissimus</strong></span> <span class='ocrx_word' id='word_1_24' title='bbox 574 807 604 856; x_wconf 89' lang='lat' dir='ltr'><strong>et</strong></span> <span class='ocrx_word' id='word_1_25' title='bbox 628 795 839 858; x_wconf 80' lang='lat' dir='ltr'><strong>fortissimus&#39;</strong></span> <span class='ocrx_word' id='word_1_26' title='bbox 832 797 953 875; x_wconf 75' lang='lat' dir='ltr'><strong>imperii</strong></span> <span class='ocrx_word' id='word_1_27' title='bbox 977 819 1104 878; x_wconf 87' lang='lat' dir='ltr'><strong>parens,</strong></span> <span class='ocrx_word' id='word_1_28' title='bbox 1128 809 1230 879; x_wconf 89' lang='lat' dir='ltr'><strong>poste·</strong></span> 
     </span>
    </p>
   </div>
   <div class='ocr_carea' id='block_1_4' title="bbox 51 895 1277 2066">
    <p class='ocr_par' dir='ltr' id='par_1_4' title="bbox 51 895 1277 2066">
     <span class='ocr_line' id='line_1_5' title="bbox 137 895 1231 977; baseline 0.003 -23"><span class='ocrx_word' id='word_1_29' title='bbox 137 897 219 954; x_wconf 87' lang='lat' dir='ltr'><strong>ritati</strong></span> <span class='ocrx_word' id='word_1_30' title='bbox 239 900 326 976; x_wconf 86' lang='lat' dir='ltr'><strong>quusi</strong></span> <span class='ocrx_word' id='word_1_31' title='bbox 348 896 441 956; x_wconf 82' lang='lat' dir='ltr'><strong>secem</strong></span> <span class='ocrx_word' id='word_1_32' title='bbox 466 896 609 975; x_wconf 74' lang='lat' dir='ltr'><strong>praetulit</strong></span> <span class='ocrx_word' id='word_1_33' title='bbox 630 895 700 954; x_wconf 88' lang='lat' dir='ltr'><strong>ad</strong></span> <span class='ocrx_word' id='word_1_34' title='bbox 694 916 802 954; x_wconf 76' lang='lat' dir='ltr'><strong>immor</strong></span> <span class='ocrx_word' id='word_1_35' title='bbox 804 895 962 962; x_wconf 76' lang='lat' dir='ltr'><strong>tutantem</strong></span> <span class='ocrx_word' id='word_1_36' title='bbox 1000 899 1128 977; x_wconf 87' lang='lat' dir='ltr'><strong>Propter</strong></span> <span class='ocrx_word' id='word_1_37' title='bbox 1149 899 1231 958; x_wconf 86' lang='lat' dir='ltr'><strong>hunc</strong></span> 
     </span>
     <span class='ocr_line' id='line_1_6' title="bbox 136 995 1231 1078; baseline 0.003 -25"><span class='ocrx_word' id='word_1_38' title='bbox 136 995 251 1054; x_wconf 81' lang='lat' dir='ltr'><strong>faetrnn</strong></span> <span class='ocrx_word' id='word_1_39' title='bbox 277 1006 334 1069; x_wconf 91' lang='lat' dir='ltr'><strong>est,</strong></span> <span class='ocrx_word' id='word_1_40' title='bbox 355 1005 389 1054; x_wconf 90' lang='lat' dir='ltr'><strong>ut</strong></span> <span class='ocrx_word' id='word_1_41' title='bbox 411 996 602 1078; x_wconf 80' lang='lat' dir='ltr'><strong>constantiae</strong></span> <span class='ocrx_word' id='word_1_42' title='bbox 624 1015 660 1053; x_wconf 85' lang='lat' dir='ltr'><strong>ac</strong></span> <span class='ocrx_word' id='word_1_43' title='bbox 671 995 809 1056; x_wconf 82' lang='lat' dir='ltr'><strong>iustitiae</strong></span> <span class='ocrx_word' id='word_1_44' title='bbox 825 995 958 1073; x_wconf 80' lang='lat' dir='ltr'><strong>exempta</strong></span> <span class='ocrx_word' id='word_1_45' title='bbox 980 1017 1039 1056; x_wconf 88' lang='lat' dir='ltr'><strong>non</strong></span> <span class='ocrx_word' id='word_1_46' title='bbox 1061 997 1148 1072; x_wconf 84' lang='lat' dir='ltr'><strong>deos,</strong></span> <span class='ocrx_word' id='word_1_47' title='bbox 1171 1018 1231 1056; x_wconf 89' lang='lat' dir='ltr'><strong>non</strong></span> 
     </span>
     <span class='ocr_line' id='line_1_7' title="bbox 138 1091 1232 1178; baseline 0.003 -28"><span class='ocrx_word' id='word_1_48' title='bbox 138 1091 289 1164; x_wconf 78' lang='lat' dir='ltr'><strong>horumce,</strong></span> <span class='ocrx_word' id='word_1_49' title='bbox 311 1093 365 1154; x_wconf 87' lang='lat' dir='ltr'><strong>sed</strong></span> <span class='ocrx_word' id='word_1_50' title='bbox 387 1093 536 1178; x_wconf 85' lang='lat' dir='ltr'>semideos</span> <span class='ocrx_word' id='word_1_51' title='bbox 559 1091 640 1151; x_wconf 86' lang='lat' dir='ltr'><strong>soios</strong></span> <span class='ocrx_word' id='word_1_52' title='bbox 664 1103 750 1172; x_wconf 84' lang='lat' dir='ltr'><strong>poeta</strong></span> <span class='ocrx_word' id='word_1_53' title='bbox 767 1103 961 1172; x_wconf 87' lang='lat' dir='ltr'><strong>proponeret</strong></span> <span class='ocrx_word' id='word_1_54' title='bbox 987 1093 1034 1152; x_wconf 82' lang='lat' dir='ltr'><strong>ef.</strong></span> <span class='ocrx_word' id='word_1_55' title='bbox 1059 1093 1134 1156; x_wconf 88' lang='lat' dir='ltr'><strong>Hor</strong></span> <span class='ocrx_word' id='word_1_56' title='bbox 1148 1097 1232 1174; x_wconf 84' lang='lat' dir='ltr'><strong>epist.</strong></span> 
     </span>
     <span class='ocr_line' id='line_1_8' title="bbox 139 1191 1232 1273; baseline 0 -21"><span class='ocrx_word' id='word_1_57' title='bbox 139 1195 177 1266; x_wconf 89' lang='lat' dir='ltr'><strong>li,</strong></span> <span class='ocrx_word' id='word_1_58' title='bbox 206 1193 284 1270; x_wconf 84' lang='grc' dir='ltr'><strong>ι,5.</strong></span> <span class='ocrx_word' id='word_1_59' title='bbox 328 1196 432 1273; x_wconf 85' lang='lat' dir='ltr'><strong>Neque</strong></span> <span class='ocrx_word' id='word_1_60' title='bbox 455 1193 483 1252; x_wconf 85' lang='lat' dir='ltr'><strong>rd</strong></span> <span class='ocrx_word' id='word_1_61' title='bbox 510 1213 609 1251; x_wconf 73' lang='lat' dir='ltr'><strong>minus</strong></span> <span class='ocrx_word' id='word_1_62' title='bbox 632 1192 729 1250; x_wconf 80' lang='lat' dir='ltr'><strong>cadn</strong></span> <span class='ocrx_word' id='word_1_63' title='bbox 739 1191 847 1264; x_wconf 75' lang='lat' dir='ltr'><strong>induo</strong></span> <span class='ocrx_word' id='word_1_64' title='bbox 829 1201 964 1273; x_wconf 84' lang='lat' dir='ltr'><strong>gustum,</strong></span> <span class='ocrx_word' id='word_1_65' title='bbox 989 1191 1119 1252; x_wconf 84' lang='lat' dir='ltr'><strong>aiterum</strong></span> <span class='ocrx_word' id='word_1_66' title='bbox 1141 1193 1232 1254; x_wconf 71' lang='lat' dir='ltr'><strong>iturus</strong></span> 
     </span>
     <span class='ocr_line' id='line_1_9' title="bbox 139 1289 1244 1373; baseline 0 -25"><span class='ocrx_word' id='word_1_67' title='bbox 139 1291 261 1372; x_wconf 82' lang='lat' dir='ltr'><strong>imperii</strong></span> <span class='ocrx_word' id='word_1_68' title='bbox 284 1291 486 1366; x_wconf 88' lang='lat' dir='ltr'><strong>conditorem,</strong></span> <span class='ocrx_word' id='word_1_69' title='bbox 508 1292 561 1373; x_wconf 92' lang='lat' dir='ltr'><strong>qui</strong></span> <span class='ocrx_word' id='word_1_70' title='bbox 585 1289 657 1348; x_wconf 86' lang='lat' dir='ltr'><strong>iulia</strong></span> <span class='ocrx_word' id='word_1_71' title='bbox 681 1299 773 1370; x_wconf 82' lang='lat' dir='ltr'><strong>gente</strong></span> <span class='ocrx_word' id='word_1_72' title='bbox 796 1290 945 1351; x_wconf 84' lang='lat' dir='ltr'><strong>oriundus</strong></span> <span class='ocrx_word' id='word_1_73' title='bbox 975 1313 992 1349; x_wconf 90' lang='lat' dir='ltr'><strong>a</strong></span> <span class='ocrx_word' id='word_1_74' title='bbox 1016 1291 1136 1351; x_wconf 81' lang='lat' dir='ltr'><strong>Venere</strong></span> <span class='ocrx_word' id='word_1_75' title='bbox 1167 1295 1244 1350; x_wconf 90' lang='lat' dir='ltr'><strong>ori..</strong></span> 
     </span>
     <span class='ocr_line' id='line_1_10' title="bbox 141 1388 1241 1476; baseline 0.002 -29"><span class='ocrx_word' id='word_1_76' title='bbox 141 1393 240 1470; x_wconf 76' lang='lat' dir='ltr'><strong>giuem</strong></span> <span class='ocrx_word' id='word_1_77' title='bbox 262 1391 358 1450; x_wconf 81' lang='lat' dir='ltr'><strong>duxit.</strong></span> <span class='ocrx_word' id='word_1_78' title='bbox 402 1389 534 1463; x_wconf 78' lang='lat' dir='ltr'>Pollux,</span> <span class='ocrx_word' id='word_1_79' title='bbox 561 1389 722 1462; x_wconf 83' lang='lat' dir='ltr'><strong>Hercules,</strong></span> <span class='ocrx_word' id='word_1_80' title='bbox 748 1388 906 1458; x_wconf 86' lang='lat' dir='ltr'><strong>Bacchus,</strong></span> <span class='ocrx_word' id='word_1_81' title='bbox 934 1388 1086 1464; x_wconf 77' lang='lat' dir='ltr'><strong>Quirinus</strong></span> <span class='ocrx_word' id='word_1_82' title='bbox 1111 1403 1241 1476; x_wconf 75' lang='lat' dir='ltr'><strong>propter</strong></span> 
     </span>
     <span class='ocr_line' id='line_1_11' title="bbox 137 1474 1231 1568; baseline 0.001 -22"><span class='ocrx_word' id='word_1_83' title='bbox 137 1489 294 1568; x_wconf 83' lang='lat' dir='ltr'><strong>probatam</strong></span> <span class='ocrx_word' id='word_1_84' title='bbox 316 1490 346 1546; x_wconf 89' lang='lat' dir='ltr'><strong>in</strong></span> <span class='ocrx_word' id='word_1_85' title='bbox 369 1499 451 1548; x_wconf 86' lang='lat' dir='ltr'><strong>terra</strong></span> <span class='ocrx_word' id='word_1_86' title='bbox 475 1474 621 1547; x_wconf 84' lang='lat' dir='ltr'><strong>virtutem</strong></span> <span class='ocrx_word' id='word_1_87' title='bbox 646 1487 756 1544; x_wconf 89' lang='lat' dir='ltr'><strong>mortui</strong></span> <span class='ocrx_word' id='word_1_88' title='bbox 788 1488 868 1544; x_wconf 90' lang='lat' dir='ltr'><strong>inter</strong></span> <span class='ocrx_word' id='word_1_89' title='bbox 900 1486 972 1544; x_wconf 88' lang='lat' dir='ltr'><strong>deus</strong></span> <span class='ocrx_word' id='word_1_90' title='bbox 1005 1488 1117 1567; x_wconf 79' lang='lat' dir='ltr'>recepti</span> <span class='ocrx_word' id='word_1_91' title='bbox 1145 1499 1231 1560; x_wconf 78' lang='lat' dir='ltr'><strong>sunt3</strong></span> 
     </span>
     <span class='ocr_line' id='line_1_12' title="bbox 137 1583 1232 1666; baseline 0 -20"><span class='ocrx_word' id='word_1_92' title='bbox 137 1587 242 1646; x_wconf 81' lang='lat' dir='ltr'><strong>endem</strong></span> <span class='ocrx_word' id='word_1_93' title='bbox 266 1597 367 1646; x_wconf 87' lang='lat' dir='ltr'><strong>manet</strong></span> <span class='ocrx_word' id='word_1_94' title='bbox 389 1583 559 1666; x_wconf 77' lang='lat' dir='ltr'><strong>Augustum</strong></span> <span class='ocrx_word' id='word_1_95' title='bbox 583 1587 724 1659; x_wconf 77' lang='lat' dir='ltr'><strong>surtuuu3</strong></span> <span class='ocrx_word' id='word_1_96' title='bbox 748 1585 772 1642; x_wconf 92' lang='lat' dir='ltr'><strong>is</strong></span> <span class='ocrx_word' id='word_1_97' title='bbox 806 1585 896 1644; x_wconf 91' lang='lat' dir='ltr'><strong>etiam</strong></span> <span class='ocrx_word' id='word_1_98' title='bbox 928 1584 957 1643; x_wconf 90' lang='lat' dir='ltr'><strong>in</strong></span> <span class='ocrx_word' id='word_1_99' title='bbox 987 1585 1107 1664; x_wconf 79' lang='lat' dir='ltr'><strong>coetum</strong></span> <span class='ocrx_word' id='word_1_100' title='bbox 1139 1589 1232 1646; x_wconf 89' lang='lat' dir='ltr'><strong>susci-</strong></span> 
     </span>
     <span class='ocr_line' id='line_1_13' title="bbox 137 1681 1233 1776; baseline 0.001 -32"><span class='ocrx_word' id='word_1_101' title='bbox 137 1685 251 1765; x_wconf 87' lang='lat' dir='ltr'><strong>pietur.</strong></span> <span class='ocrx_word' id='word_1_102' title='bbox 263 1687 288 1760; x_wconf 76' lang='lat' dir='ltr'><strong>*J</strong></span> <span class='ocrx_word' id='word_1_103' title='bbox 313 1684 424 1745; x_wconf 85' lang='lat' dir='ltr'><strong>Merito</strong></span> <span class='ocrx_word' id='word_1_104' title='bbox 435 1695 535 1742; x_wconf 82' lang='lat' dir='ltr'><strong>atatem</strong></span> <span class='ocrx_word' id='word_1_105' title='bbox 558 1694 647 1764; x_wconf 87' lang='lat' dir='ltr'><strong>pacta</strong></span> <span class='ocrx_word' id='word_1_106' title='bbox 662 1703 756 1768; x_wconf 83' lang='lat' dir='ltr'><strong>quam</strong></span> <span class='ocrx_word' id='word_1_107' title='bbox 772 1681 937 1764; x_wconf 80' lang='lat' dir='ltr'><strong>plurimum</strong></span> <span class='ocrx_word' id='word_1_108' title='bbox 952 1684 982 1743; x_wconf 92' lang='lat' dir='ltr'><strong>in</strong></span> <span class='ocrx_word' id='word_1_109' title='bbox 997 1683 1120 1776; x_wconf 82' lang='lat' dir='ltr'><strong>Rompli</strong></span> <span class='ocrx_word' id='word_1_110' title='bbox 1142 1685 1233 1745; x_wconf 90' lang='lat' dir='ltr'><strong>laude</strong></span> 
     </span>
     <span class='ocr_line' id='line_1_14' title="bbox 51 1781 1234 1864; baseline 0.001 -22"><span class='ocrx_word' id='word_1_111' title='bbox 51 1809 53 1817; x_wconf 54' lang='lat'><strong>⁴</strong></span> <span class='ocrx_word' id='word_1_112' title='bbox 139 1795 288 1853; x_wconf 82' lang='lat' dir='ltr'><strong>versatur,</strong></span> <span class='ocrx_word' id='word_1_113' title='bbox 312 1784 354 1843; x_wconf 84' lang='lat' dir='ltr'><strong>ita</strong></span> <span class='ocrx_word' id='word_1_114' title='bbox 363 1793 485 1852; x_wconf 81' lang='lat' dir='ltr'><strong>tamen,</strong></span> <span class='ocrx_word' id='word_1_115' title='bbox 499 1793 533 1840; x_wconf 92' lang='lat' dir='ltr'><strong>ut</strong></span> <span class='ocrx_word' id='word_1_116' title='bbox 545 1803 624 1862; x_wconf 88' lang='lat' dir='ltr'><strong>quae</strong></span> <span class='ocrx_word' id='word_1_117' title='bbox 636 1783 738 1840; x_wconf 87' lang='lat' dir='ltr'><strong>omnia</strong></span> <span class='ocrx_word' id='word_1_118' title='bbox 751 1781 892 1841; x_wconf 88' lang='lat' dir='ltr'><strong>dicantur</strong></span> <span class='ocrx_word' id='word_1_119' title='bbox 903 1782 941 1841; x_wconf 86' lang='lat' dir='ltr'><strong>de</strong></span> <span class='ocrx_word' id='word_1_120' title='bbox 953 1783 1055 1863; x_wconf 84' lang='lat' dir='ltr'><strong>futura</strong></span> <span class='ocrx_word' id='word_1_121' title='bbox 1067 1783 1163 1864; x_wconf 81' lang='lat' dir='ltr'><strong>gloria</strong></span> <span class='ocrx_word' id='word_1_122' title='bbox 1176 1803 1234 1843; x_wconf 92' lang='lat' dir='ltr'><strong>no-</strong></span> 
     </span>
     <span class='ocr_line' id='line_1_15' title="bbox 138 1879 1232 1962; baseline 0.001 -22"><span class='ocrx_word' id='word_1_123' title='bbox 138 1883 230 1962; x_wconf 84' lang='lat' dir='ltr'><strong>minis</strong></span> <span class='ocrx_word' id='word_1_124' title='bbox 243 1882 383 1955; x_wconf 86' lang='lat' dir='ltr'><strong>Romani,</strong></span> <span class='ocrx_word' id='word_1_125' title='bbox 412 1881 450 1940; x_wconf 88' lang='lat' dir='ltr'><strong>ad</strong></span> <span class='ocrx_word' id='word_1_126' title='bbox 468 1882 598 1962; x_wconf 80' lang='lat' dir='ltr'><strong>Augusti</strong></span> <span class='ocrx_word' id='word_1_127' title='bbox 615 1879 731 1940; x_wconf 85' lang='lat' dir='ltr'><strong>taudem</strong></span> <span class='ocrx_word' id='word_1_128' title='bbox 746 1881 1005 1960; x_wconf 60' lang='lat' dir='ltr'><strong>pertineanttcsr.</strong></span> <span class='ocrx_word' id='word_1_129' title='bbox 1028 1882 1177 1962; x_wconf 83' lang='lat' dir='ltr'><strong>imprimis</strong></span> <span class='ocrx_word' id='word_1_130' title='bbox 1201 1903 1232 1942; x_wconf 82' lang='lat' dir='ltr'><strong>r.</strong></span> 
     </span>
     <span class='ocr_line' id='line_1_16' title="bbox 53 1961 1277 2066; baseline 0.002 -28"><span class='ocrx_word' id='word_1_131' title='bbox 53 2009 58 2026; x_wconf 77' lang='grc' dir='ltr'>ι</span> <span class='ocrx_word' id='word_1_132' title='bbox 142 1977 224 2058; x_wconf 47' lang='lat' dir='ltr'><strong>daim</strong></span> <span class='ocrx_word' id='word_1_133' title='bbox 254 1989 347 2060; x_wconf 87' lang='lat' dir='ltr'><strong>atque</strong></span> <span class='ocrx_word' id='word_1_134' title='bbox 367 1983 407 2038; x_wconf 88' lang='lat' dir='ltr'><strong>ita</strong></span> <span class='ocrx_word' id='word_1_135' title='bbox 421 1999 484 2041; x_wconf 92' lang='lat' dir='ltr'><strong>rem</strong></span> <span class='ocrx_word' id='word_1_136' title='bbox 507 1961 591 2038; x_wconf 81' lang='lat' dir='ltr'><strong>suam</strong></span> <span class='ocrx_word' id='word_1_137' title='bbox 605 1980 781 2064; x_wconf 66' lang='lat' dir='ltr'><strong>peregit,ut</strong></span> <span class='ocrx_word' id='word_1_138' title='bbox 794 1979 900 2038; x_wconf 87' lang='lat' dir='ltr'><strong>meiius</strong></span> <span class='ocrx_word' id='word_1_139' title='bbox 912 1998 971 2038; x_wconf 87' lang='lat' dir='ltr'><strong>nou</strong></span> <span class='ocrx_word' id='word_1_140' title='bbox 983 1981 1126 2059; x_wconf 74' lang='lat' dir='ltr'><strong>potuerit.</strong></span> <span class='ocrx_word' id='word_1_141' title='bbox 1150 1983 1233 2058; x_wconf 86' lang='lat' dir='ltr'><strong>Quid</strong></span> <span class='ocrx_word' id='word_1_142' title='bbox 1273 2055 1277 2066; x_wconf 33' lang='grc' dir='ltr'><strong><em>ι</em></strong></span> 
     </span>
    </p>
   </div>
   <div class='ocr_carea' id='block_1_5' title="bbox 137 2065 1354 2163">
    <p class='ocr_par' dir='ltr' id='par_1_5' title="bbox 137 2065 1354 2163">
     <span class='ocr_line' id='line_1_17' title="bbox 137 2065 1354 2163; baseline 0 -25"><span class='ocrx_word' id='word_1_143' title='bbox 137 2079 247 2138; x_wconf 84' lang='lat' dir='ltr'><strong>enim?</strong></span> <span class='ocrx_word' id='word_1_144' title='bbox 289 2078 433 2138; x_wconf 76' lang='lat' dir='ltr'><strong>Potestne</strong></span> <span class='ocrx_word' id='word_1_145' title='bbox 454 2078 547 2158; x_wconf 85' lang='lat' dir='ltr'><strong>magis</strong></span> <span class='ocrx_word' id='word_1_146' title='bbox 570 2077 866 2160; x_wconf 75' lang='lat' dir='ltr'><strong>iliustrarihominis</strong></span> <span class='ocrx_word' id='word_1_147' title='bbox 887 2076 1056 2163; x_wconf 76' lang='lat' dir='ltr'><strong>constantia</strong></span> <span class='ocrx_word' id='word_1_148' title='bbox 1079 2071 1233 2160; x_wconf 80' lang='lat' dir='ltr'><strong>animique</strong></span> <span class='ocrx_word' id='word_1_149' title='bbox 1322 2065 1354 2082; x_wconf 42' lang='lat'><strong>&#39;⁸</strong></span> 
     </span>
    </p>
   </div>
   <div class='ocr_carea' id='block_1_6' title="bbox 44 2176 1306 3540">
    <p class='ocr_par' dir='ltr' id='par_1_6' title="bbox 44 2176 1268 2948">
     <span class='ocr_line' id='line_1_18' title="bbox 140 2176 1233 2258; baseline 0.002 -22"><span class='ocrx_word' id='word_1_150' title='bbox 140 2176 332 2258; x_wconf 79' lang='lat' dir='ltr'><strong>magnitudo,</strong></span> <span class='ocrx_word' id='word_1_151' title='bbox 352 2178 490 2257; x_wconf 79' lang='lat' dir='ltr'><strong>quamsi</strong></span> <span class='ocrx_word' id='word_1_152' title='bbox 515 2178 701 2238; x_wconf 85' lang='lat' dir='ltr'><strong>acerbissimi</strong></span> <span class='ocrx_word' id='word_1_153' title='bbox 724 2187 816 2256; x_wconf 87' lang='lat' dir='ltr'><strong>atque</strong></span> <span class='ocrx_word' id='word_1_154' title='bbox 837 2179 929 2238; x_wconf 82' lang='lat' dir='ltr'><strong>etiam</strong></span> <span class='ocrx_word' id='word_1_155' title='bbox 954 2177 1154 2257; x_wconf 88' lang='lat' dir='ltr'><strong>potentissimi</strong></span> <span class='ocrx_word' id='word_1_156' title='bbox 1176 2179 1233 2238; x_wconf 90' lang='lat' dir='ltr'><strong>ad·</strong></span> 
     </span>
     <span class='ocr_line' id='line_1_19' title="bbox 122 2269 1233 2360; baseline 0.005 -29"><span class='ocrx_word' id='word_1_157' title='bbox 122 2276 264 2360; x_wconf 17' lang='lat' dir='ltr'><strong>,versarii</strong></span> <span class='ocrx_word' id='word_1_158' title='bbox 293 2274 401 2334; x_wconf 88' lang='lat' dir='ltr'><strong>odium</strong></span> <span class='ocrx_word' id='word_1_159' title='bbox 424 2274 628 2355; x_wconf 86' lang='lat' dir='ltr'><strong>invidiamque</strong></span> <span class='ocrx_word' id='word_1_160' title='bbox 648 2294 805 2354; x_wconf 86' lang='lat' dir='ltr'><strong>superasse</strong></span> <span class='ocrx_word' id='word_1_161' title='bbox 827 2273 970 2335; x_wconf 84' lang='lat' dir='ltr'><strong>dicatur?</strong></span> <span class='ocrx_word' id='word_1_162' title='bbox 992 2277 1031 2334; x_wconf 90' lang='lat' dir='ltr'><strong>Et</strong></span> <span class='ocrx_word' id='word_1_163' title='bbox 1044 2269 1110 2356; x_wconf 92' lang='lat' dir='ltr'><strong>quis</strong></span> <span class='ocrx_word' id='word_1_164' title='bbox 1130 2287 1233 2356; x_wconf 86' lang='lat' dir='ltr'><strong>potest</strong></span> 
     </span>
     <span class='ocr_line' id='line_1_20' title="bbox 136 2372 1232 2461; baseline 0.002 -29"><span class='ocrx_word' id='word_1_165' title='bbox 136 2374 254 2434; x_wconf 81' lang='lat' dir='ltr'><strong>tuncne</strong></span> <span class='ocrx_word' id='word_1_166' title='bbox 273 2375 396 2453; x_wconf 82' lang='lat' dir='ltr'><strong>cogitari</strong></span> <span class='ocrx_word' id='word_1_167' title='bbox 420 2373 587 2447; x_wconf 86' lang='lat' dir='ltr'><strong>inimicior,</strong></span> <span class='ocrx_word' id='word_1_168' title='bbox 613 2373 680 2452; x_wconf 86' lang='lat' dir='ltr'><strong>quis</strong></span> <span class='ocrx_word' id='word_1_169' title='bbox 701 2372 792 2433; x_wconf 87' lang='lat' dir='ltr'><strong>simui</strong></span> <span class='ocrx_word' id='word_1_170' title='bbox 814 2373 1136 2453; x_wconf 78' lang='lat' dir='ltr'><strong>potentior&#39;l&#39;roianue</strong></span> <span class='ocrx_word' id='word_1_171' title='bbox 1157 2397 1232 2461; x_wconf 81' lang='lat' dir='ltr'><strong>geq-</strong></span> 
     </span>
     <span class='ocr_line' id='line_1_21' title="bbox 137 2471 1231 2553; baseline 0.004 -23"><span class='ocrx_word' id='word_1_172' title='bbox 137 2472 176 2546; x_wconf 78' lang='lat' dir='ltr'><strong>tis</strong></span> <span class='ocrx_word' id='word_1_173' title='bbox 199 2471 415 2537; x_wconf 80' lang='lat' dir='ltr'><strong>aduersarius?</strong></span> <span class='ocrx_word' id='word_1_174' title='bbox 458 2473 546 2548; x_wconf 89' lang='lat' dir='ltr'><strong>Quae</strong></span> <span class='ocrx_word' id='word_1_175' title='bbox 568 2473 677 2530; x_wconf 84' lang='lat' dir='ltr'><strong>summi</strong></span> <span class='ocrx_word' id='word_1_176' title='bbox 700 2473 778 2532; x_wconf 84' lang='lat' dir='ltr'><strong>iovis</strong></span> <span class='ocrx_word' id='word_1_177' title='bbox 798 2492 886 2531; x_wconf 84' lang='lat' dir='ltr'><strong>soror</strong></span> <span class='ocrx_word' id='word_1_178' title='bbox 907 2481 1000 2553; x_wconf 87' lang='lat' dir='ltr'><strong>atque</strong></span> <span class='ocrx_word' id='word_1_179' title='bbox 1015 2473 1126 2535; x_wconf 78' lang='lat' dir='ltr'><strong>coniux</strong></span> <span class='ocrx_word' id='word_1_180' title='bbox 1144 2485 1231 2535; x_wconf 83' lang='lat' dir='ltr'><strong>tauto</strong></span> 
     </span>
     <span class='ocr_line' id='line_1_22' title="bbox 139 2553 1232 2648; baseline 0.005 -19"><span class='ocrx_word' id='word_1_181' title='bbox 139 2570 169 2629; x_wconf 90' lang='lat' dir='ltr'><strong>in</strong></span> <span class='ocrx_word' id='word_1_182' title='bbox 193 2580 288 2632; x_wconf 85' lang='lat' dir='ltr'><strong>totam</strong></span> <span class='ocrx_word' id='word_1_183' title='bbox 311 2553 423 2631; x_wconf 84' lang='lat' dir='ltr'><strong>Priami</strong></span> <span class='ocrx_word' id='word_1_184' title='bbox 446 2553 573 2631; x_wconf 80' lang='lat' dir='ltr'><strong>domum</strong></span> <span class='ocrx_word' id='word_1_185' title='bbox 598 2570 720 2631; x_wconf 81' lang='lat' dir='ltr'><strong>incensa</strong></span> <span class='ocrx_word' id='word_1_186' title='bbox 745 2582 810 2632; x_wconf 82' lang='lat' dir='ltr'><strong>erat</strong></span> <span class='ocrx_word' id='word_1_187' title='bbox 832 2571 914 2648; x_wconf 91' lang='lat' dir='ltr'><strong>odio,</strong></span> <span class='ocrx_word' id='word_1_188' title='bbox 932 2584 967 2632; x_wconf 91' lang='lat' dir='ltr'><strong>ut</strong></span> <span class='ocrx_word' id='word_1_189' title='bbox 989 2575 1113 2632; x_wconf 86' lang='lat' dir='ltr'><strong>miseras</strong></span> <span class='ocrx_word' id='word_1_190' title='bbox 1141 2576 1232 2636; x_wconf 88' lang='lat' dir='ltr'><strong>etiam</strong></span> 
     </span>
     <span class='ocr_line' id='line_1_23' title="bbox 138 2661 1268 2751; baseline 0.003 -22"><span class='ocrx_word' id='word_1_191' title='bbox 138 2672 200 2730; x_wconf 83' lang='lat' dir='ltr'><strong>eius</strong></span> <span class='ocrx_word' id='word_1_192' title='bbox 222 2670 363 2751; x_wconf 81' lang='lat' dir='ltr'><strong>reliquias</strong></span> <span class='ocrx_word' id='word_1_193' title='bbox 386 2671 424 2730; x_wconf 87' lang='lat' dir='ltr'><strong>ad</strong></span> <span class='ocrx_word' id='word_1_194' title='bbox 442 2661 689 2737; x_wconf 84' lang='lat' dir='ltr'><strong>¹internecionem</strong></span> <span class='ocrx_word' id='word_1_195' title='bbox 715 2678 960 2751; x_wconf 86' lang='lat' dir='ltr'><strong>persequeretur.</strong></span> <span class='ocrx_word' id='word_1_196' title='bbox 995 2673 1056 2750; x_wconf 90' lang='lat' dir='ltr'><strong>Qui</strong></span> <span class='ocrx_word' id='word_1_197' title='bbox 1079 2671 1132 2731; x_wconf 89' lang='lat' dir='ltr'><strong>tali</strong></span> <span class='ocrx_word' id='word_1_198' title='bbox 1154 2672 1234 2732; x_wconf 88' lang='lat' dir='ltr'><strong>hosti</strong></span> <span class='ocrx_word' id='word_1_199' title='bbox 1264 2707 1268 2711; x_wconf 96' lang='lat'><em>·</em></span> 
     </span>
     <span class='ocr_line' id='line_1_24' title="bbox 44 2753 1232 2858; baseline 0.003 -32"><span class='ocrx_word' id='word_1_200' title='bbox 44 2757 50 2764; x_wconf 60' lang='grc'><strong>”</strong></span> <span class='ocrx_word' id='word_1_201' title='bbox 138 2779 173 2828; x_wconf 91' lang='lat' dir='ltr'><strong>ut</strong></span> <span class='ocrx_word' id='word_1_202' title='bbox 204 2769 243 2827; x_wconf 79' lang='lat' dir='ltr'><strong>ab</strong></span> <span class='ocrx_word' id='word_1_203' title='bbox 271 2769 364 2828; x_wconf 87' lang='lat' dir='ltr'><strong>armis</strong></span> <span class='ocrx_word' id='word_1_204' title='bbox 393 2767 561 2828; x_wconf 87' lang='lat' dir='ltr'><strong>discederet</strong></span> <span class='ocrx_word' id='word_1_205' title='bbox 593 2753 837 2858; x_wconf 67' lang='lat' dir='ltr'><strong>non&#39;persuasit</strong></span> <span class='ocrx_word' id='word_1_206' title='bbox 865 2769 1021 2848; x_wconf 83' lang='lat' dir='ltr'><strong>precibus,</strong></span> <span class='ocrx_word' id='word_1_207' title='bbox 1053 2769 1105 2830; x_wconf 87' lang='lat' dir='ltr'><strong>sed</strong></span> <span class='ocrx_word' id='word_1_208' title='bbox 1138 2770 1232 2830; x_wconf 83' lang='lat' dir='ltr'><strong>animi</strong></span> 
     </span>
     <span class='ocr_line' id='line_1_25' title="bbox 139 2866 1233 2980; baseline 0.001 -54"><span class='ocrx_word' id='word_1_209' title='bbox 139 2868 320 2948; x_wconf 87' lang='lat' dir='ltr'><strong>praestantia</strong></span> <span class='ocrx_word' id='word_1_210' title='bbox 343 2869 550 2928; x_wconf 87' lang='lat' dir='ltr'><strong>necessitatem</strong></span> <span class='ocrx_word' id='word_1_211' title='bbox 571 2866 704 2946; x_wconf 85' lang='lat' dir='ltr'><strong>quodam</strong></span> <span class='ocrx_word' id='word_1_212' title='bbox 724 2867 814 2926; x_wconf 81' lang='lat' dir='ltr'><strong>urodo</strong></span> <span class='ocrx_word' id='word_1_213' title='bbox 838 2867 982 2980; x_wconf 83' lang='lat' dir='ltr'><strong>imposuit</strong></span> <span class='ocrx_word' id='word_1_214' title='bbox 1000 2889 1035 2927; x_wconf 87' lang='lat' dir='ltr'><strong>ac</strong></span> <span class='ocrx_word' id='word_1_215' title='bbox 1057 2887 1163 2948; x_wconf 83' lang='lat' dir='ltr'><strong>pacem</strong></span> <span class='ocrx_word' id='word_1_216' title='bbox 1176 2868 1233 2928; x_wconf 86' lang='lat' dir='ltr'><strong>ad-</strong></span> 
     </span>
    </p>

    <p class='ocr_par' dir='ltr' id='par_1_7' title="bbox 139 2964 1231 3144">
     <span class='ocr_line' id='line_1_26' title="bbox 140 2964 1231 3048; baseline 0.001 -24"><span class='ocrx_word' id='word_1_217' title='bbox 140 2965 301 3026; x_wconf 83' lang='lat' dir='ltr'><strong>miratione</strong></span> <span class='ocrx_word' id='word_1_218' title='bbox 322 2965 408 3048; x_wconf 88' lang='lat' dir='ltr'><strong>quasi</strong></span> <span class='ocrx_word' id='word_1_219' title='bbox 432 2964 584 3042; x_wconf 77' lang='lat' dir='ltr'><strong>extorsit,</strong></span> <span class='ocrx_word' id='word_1_220' title='bbox 593 2966 617 3024; x_wconf 90' lang='lat' dir='ltr'><strong>is</strong></span> <span class='ocrx_word' id='word_1_221' title='bbox 637 2965 777 3044; x_wconf 84' lang='lat' dir='ltr'><strong>protecto</strong></span> <span class='ocrx_word' id='word_1_222' title='bbox 797 2965 954 3046; x_wconf 83' lang='lat' dir='ltr'><strong>egregium</strong></span> <span class='ocrx_word' id='word_1_223' title='bbox 976 2969 1076 3046; x_wconf 87' lang='lat' dir='ltr'><strong>potest</strong></span> <span class='ocrx_word' id='word_1_224' title='bbox 1100 2967 1231 3046; x_wconf 90' lang='lat' dir='ltr'><strong>proponi</strong></span> 
     </span>
     <span class='ocr_line' id='line_1_27' title="bbox 139 3049 1231 3165; baseline 0.001 -41"><span class='ocrx_word' id='word_1_225' title='bbox 139 3073 170 3124; x_wconf 87' lang='lat' dir='ltr'><strong>et</strong></span> <span class='ocrx_word' id='word_1_226' title='bbox 191 3065 345 3144; x_wconf 83' lang='lat' dir='ltr'><strong>singulare</strong></span> <span class='ocrx_word' id='word_1_227' title='bbox 366 3065 536 3165; x_wconf 82' lang='lat' dir='ltr'><strong>exemplum</strong></span> <span class='ocrx_word' id='word_1_228' title='bbox 557 3051 694 3126; x_wconf 74' lang='lat' dir='ltr'><strong>virtutis.</strong></span> <span class='ocrx_word' id='word_1_229' title='bbox 736 3065 824 3139; x_wconf 86' lang='lat' dir='ltr'><strong>Quae</strong></span> <span class='ocrx_word' id='word_1_230' title='bbox 846 3065 941 3124; x_wconf 89' lang='lat' dir='ltr'><strong>virtus</strong></span> <span class='ocrx_word' id='word_1_231' title='bbox 971 3085 1007 3123; x_wconf 86' lang='lat' dir='ltr'><strong>eo</strong></span> <span class='ocrx_word' id='word_1_232' title='bbox 1032 3049 1148 3124; x_wconf 88' lang='lat' dir='ltr'><strong>ciarior</strong></span> <span class='ocrx_word' id='word_1_233' title='bbox 1178 3077 1231 3140; x_wconf 88' lang='lat' dir='ltr'><strong>est,</strong></span> 
     </span>
    </p>

    <p class='ocr_par' dir='ltr' id='par_1_8' title="bbox 138 3161 1306 3540">
     <span class='ocr_line' id='line_1_28' title="bbox 141 3161 1231 3244; baseline 0.004 -24"><span class='ocrx_word' id='word_1_234' title='bbox 141 3183 204 3244; x_wconf 89' lang='lat' dir='ltr'><strong>quo</strong></span> <span class='ocrx_word' id='word_1_235' title='bbox 226 3163 386 3224; x_wconf 86' lang='lat' dir='ltr'><strong>minusad</strong></span> <span class='ocrx_word' id='word_1_236' title='bbox 409 3183 513 3243; x_wconf 84' lang='lat' dir='ltr'><strong>pacem</strong></span> <span class='ocrx_word' id='word_1_237' title='bbox 544 3161 788 3242; x_wconf 74' lang='lat' dir='ltr'><strong>aequitatemque</strong></span> <span class='ocrx_word' id='word_1_238' title='bbox 815 3161 963 3241; x_wconf 83' lang='lat' dir='ltr'><strong>proclivis</strong></span> <span class='ocrx_word' id='word_1_239' title='bbox 993 3173 1039 3222; x_wconf 86' lang='lat' dir='ltr'><strong>est</strong></span> <span class='ocrx_word' id='word_1_240' title='bbox 1065 3163 1231 3226; x_wconf 85' lang='lat' dir='ltr'><strong>adversarii</strong></span> 
     </span>
     <span class='ocr_line' id='line_1_29' title="bbox 139 3251 1245 3343; baseline 0.003 -23"><span class='ocrx_word' id='word_1_241' title='bbox 139 3281 236 3340; x_wconf 87' lang='lat' dir='ltr'><strong>paene</strong></span> <span class='ocrx_word' id='word_1_242' title='bbox 256 3261 351 3326; x_wconf 83' lang='lat' dir='ltr'><strong>furor.</strong></span> <span class='ocrx_word' id='word_1_243' title='bbox 396 3263 522 3320; x_wconf 85' lang='lat' dir='ltr'><strong>lunonis</strong></span> <span class='ocrx_word' id='word_1_244' title='bbox 540 3259 670 3332; x_wconf 82' lang='lat' dir='ltr'><strong>idcirco,</strong></span> <span class='ocrx_word' id='word_1_245' title='bbox 688 3261 819 3336; x_wconf 87' lang='lat' dir='ltr'><strong>nativae,</strong></span> <span class='ocrx_word' id='word_1_246' title='bbox 842 3279 904 3318; x_wconf 88' lang='lat' dir='ltr'><strong>uon</strong></span> <span class='ocrx_word' id='word_1_247' title='bbox 923 3270 1036 3322; x_wconf 86' lang='lat' dir='ltr'><strong>temere</strong></span> <span class='ocrx_word' id='word_1_248' title='bbox 1048 3251 1245 3343; x_wconf 48' lang='lat' dir='ltr'><strong>provocatae*</strong></span> 
     </span>
     <span class='ocr_line' id='line_1_30' title="bbox 138 3343 1306 3440; baseline 0.003 -23"><span class='ocrx_word' id='word_1_249' title='bbox 138 3347 343 3434; x_wconf 82' lang='lat' dir='ltr'><strong>adversariae,</strong></span> <span class='ocrx_word' id='word_1_250' title='bbox 364 3359 516 3440; x_wconf 80' lang='lat' dir='ltr'><strong>ingentem</strong></span> <span class='ocrx_word' id='word_1_251' title='bbox 539 3360 615 3418; x_wconf 85' lang='lat' dir='ltr'><strong>iram</strong></span> <span class='ocrx_word' id='word_1_252' title='bbox 633 3349 777 3418; x_wconf 79' lang='lat' dir='ltr'><strong>Horatius</strong></span> <span class='ocrx_word' id='word_1_253' title='bbox 798 3357 1122 3422; x_wconf 85' lang='lat' dir='ltr'><strong>iucecircumfundere</strong></span> <span class='ocrx_word' id='word_1_254' title='bbox 1136 3362 1233 3422; x_wconf 80' lang='lat' dir='ltr'><strong>votuit</strong></span> <span class='ocrx_word' id='word_1_255' title='bbox 1280 3343 1283 3358; x_wconf 46' lang='lat'>⁸</span> <span class='ocrx_word' id='word_1_256' title='bbox 1304 3431 1306 3436; x_wconf 67' lang='lat'><strong>,</strong></span> 
     </span>
     <span class='ocr_line' id='line_1_31' title="bbox 140 3447 1234 3540; baseline 0.005 -24"><span class='ocrx_word' id='word_1_257' title='bbox 140 3456 319 3534; x_wconf 82' lang='lat' dir='ltr'><strong>clarissima,</strong></span> <span class='ocrx_word' id='word_1_258' title='bbox 341 3478 402 3538; x_wconf 90' lang='lat' dir='ltr'><strong>quo</strong></span> <span class='ocrx_word' id='word_1_259' title='bbox 424 3458 659 3518; x_wconf 83' lang='lat' dir='ltr'><strong>meritaRomuii</strong></span> <span class='ocrx_word' id='word_1_260' title='bbox 683 3457 778 3539; x_wconf 82' lang='lat' dir='ltr'><strong>magis</strong></span> <span class='ocrx_word' id='word_1_261' title='bbox 799 3459 963 3540; x_wconf 87' lang='lat' dir='ltr'><strong>conspicua</strong></span> <span class='ocrx_word' id='word_1_262' title='bbox 972 3447 1234 3522; x_wconf 72' lang='lat' dir='ltr'><strong>finenr&#39;sumuis-</strong></span> 
     </span>
    </p>
   </div>
   <div class='ocr_carea' id='block_1_7' title="bbox 150 3652 491 3671">
    <p class='ocr_par' dir='ltr' id='par_1_9' title="bbox 150 3652 491 3671">
     <span class='ocr_line' id='line_1_32' title="bbox 150 3652 491 3671; baseline 0.006 -3"><span class='ocrx_word' id='word_1_263' title='bbox 150 3652 491 3671; x_wconf 45' lang='lat' dir='ltr'><strong>——n——n—-nun</strong></span> 
     </span>
    </p>
   </div>
   <div class='ocr_carea' id='block_1_8' title="bbox 100 3765 1344 3958">
    <p class='ocr_par' dir='ltr' id='par_1_10' title="bbox 100 3765 1344 3958">
     <span class='ocr_line' id='line_1_33' title="bbox 100 3765 1233 3876; baseline 0.009 -29"><span class='ocrx_word' id='word_1_264' title='bbox 100 3785 102 3798; x_wconf 58' lang='grc'><strong><em>’</em></strong></span> <span class='ocrx_word' id='word_1_265' title='bbox 192 3797 257 3868; x_wconf 78' lang='lat' dir='ltr'><strong>).r</strong></span> <span class='ocrx_word' id='word_1_266' title='bbox 281 3815 319 3850; x_wconf 79' lang='lat' dir='ltr'><strong>aa.</strong></span> <span class='ocrx_word' id='word_1_267' title='bbox 331 3799 515 3856; x_wconf 86' lang='lat' dir='ltr'><strong>Scribeudum</strong></span> <span class='ocrx_word' id='word_1_268' title='bbox 535 3809 601 3869; x_wconf 90' lang='lat' dir='ltr'><strong>puto</strong></span> <span class='ocrx_word' id='word_1_269' title='bbox 621 3819 681 3852; x_wconf 89' lang='lat' dir='ltr'><strong>cum</strong></span> <span class='ocrx_word' id='word_1_270' title='bbox 706 3799 785 3851; x_wconf 88' lang='lat' dir='ltr'><strong>codd.</strong></span> <span class='ocrx_word' id='word_1_271' title='bbox 804 3801 897 3864; x_wconf 81' lang='lat' dir='ltr'><strong>bibet,</strong></span> <span class='ocrx_word' id='word_1_272' title='bbox 916 3819 969 3852; x_wconf 90' lang='lat' dir='ltr'><strong>nou</strong></span> <span class='ocrx_word' id='word_1_273' title='bbox 992 3789 1080 3870; x_wconf 73' lang='lat' dir='ltr'><strong>tibia,</strong></span> <span class='ocrx_word' id='word_1_274' title='bbox 1098 3765 1233 3876; x_wconf 86' lang='lat' dir='ltr'><strong>quidquid</strong></span> 
     </span>
     <span class='ocr_line' id='line_1_34' title="bbox 141 3882 1344 3958; baseline 0.009 -26"><span class='ocrx_word' id='word_1_275' title='bbox 141 3882 208 3934; x_wconf 85' lang='lat' dir='ltr'><strong>dicit</strong></span> <span class='ocrx_word' id='word_1_276' title='bbox 230 3884 360 3936; x_wconf 85' lang='lat' dir='ltr'><strong>Orellius</strong></span> <span class='ocrx_word' id='word_1_277' title='bbox 395 3887 449 3939; x_wconf 76' lang='lat' dir='ltr'><strong>cfr.</strong></span> <span class='ocrx_word' id='word_1_278' title='bbox 469 3889 515 3950; x_wconf 85' lang='lat'><strong>111,</strong></span> <span class='ocrx_word' id='word_1_279' title='bbox 535 3891 558 3951; x_wconf 85' lang='grc'><strong>5,</strong></span> <span class='ocrx_word' id='word_1_280' title='bbox 579 3908 604 3941; x_wconf 79' lang='lat' dir='ltr'><strong>a.</strong></span> <span class='ocrx_word' id='word_1_281' title='bbox 623 3889 669 3958; x_wconf 91' lang='lat' dir='ltr'><strong>qui</strong></span> <span class='ocrx_word' id='word_1_282' title='bbox 689 3889 769 3940; x_wconf 89' lang='lat' dir='ltr'><strong>iocus</strong></span> <span class='ocrx_word' id='word_1_283' title='bbox 798 3899 838 3941; x_wconf 88' lang='lat' dir='ltr'><strong>est</strong></span> <span class='ocrx_word' id='word_1_284' title='bbox 864 3890 1026 3943; x_wconf 88' lang='lat' dir='ltr'><strong>simillimus.</strong></span> <span class='ocrx_word' id='word_1_285' title='bbox 1061 3893 1160 3944; x_wconf 83' lang='lat' dir='ltr'><strong>Verum</strong></span> <span class='ocrx_word' id='word_1_286' title='bbox 1181 3894 1234 3943; x_wconf 86' lang='lat' dir='ltr'><strong>alia</strong></span> <span class='ocrx_word' id='word_1_287' title='bbox 1341 3917 1344 3926; x_wconf 54' lang='lat'><strong><em>⁴</em></strong></span> 
     </span>
    </p>
   </div>
   <div class='ocr_carea' id='block_1_9' title="bbox 142 3970 1235 4109">
    <p class='ocr_par' dir='ltr' id='par_1_11' title="bbox 142 3970 1235 4108">
     <span class='ocr_line' id='line_1_35' title="bbox 142 3970 1235 4104; baseline 0.01 -87"><span class='ocrx_word' id='word_1_288' title='bbox 142 3985 237 4104; x_wconf 65' lang='lat' dir='ltr'><strong>plausa</strong></span> <span class='ocrx_word' id='word_1_289' title='bbox 243 3979 284 4022; x_wconf 87' lang='lat' dir='ltr'><strong>eat</strong></span> <span class='ocrx_word' id='word_1_290' title='bbox 304 3971 444 4037; x_wconf 74' lang='lat' dir='ltr'><strong>1v‚s,sa</strong></span> <span class='ocrx_word' id='word_1_291' title='bbox 465 3989 543 4053; x_wconf 75' lang='lat' dir='ltr'><strong>sqq·</strong></span> <span class='ocrx_word' id='word_1_292' title='bbox 555 3975 722 4027; x_wconf 81' lang='lat' dir='ltr'><strong>Catnruru</strong></span> <span class='ocrx_word' id='word_1_293' title='bbox 712 3991 740 4026; x_wconf 84' lang='lat' dir='ltr'><strong>ra</strong></span> <span class='ocrx_word' id='word_1_294' title='bbox 757 3970 810 4026; x_wconf 86' lang='lat' dir='ltr'><strong>hoe</strong></span> <span class='ocrx_word' id='word_1_295' title='bbox 829 3991 928 4043; x_wconf 74' lang='lat' dir='ltr'><strong>genere</strong></span> <span class='ocrx_word' id='word_1_296' title='bbox 949 3977 1028 4029; x_wconf 86' lang='lat' dir='ltr'><strong>codd</strong></span> <span class='ocrx_word' id='word_1_297' title='bbox 1040 3978 1151 4048; x_wconf 82' lang='lat' dir='ltr'><strong>ubique</strong></span> <span class='ocrx_word' id='word_1_298' title='bbox 1179 3978 1235 4031; x_wconf 84' lang='lat' dir='ltr'><strong>iere</strong></span> 
     </span>
     <span class='ocr_line' id='line_1_36' title="bbox 163 4063 285 4109; baseline 0.035 -5"><span class='ocrx_word' id='word_1_299' title='bbox 163 4063 285 4109; x_wconf 76' lang='lat' dir='ltr'><strong>uetuerat.</strong></span> 
     </span>
    </p>
   </div>
   <div class='ocr_carea' id='block_1_10' title="bbox 0 0 1501 4782">
    <p class='ocr_par' dir='ltr' id='par_1_12' title="bbox 0 0 1501 4782">
     <span class='ocr_line' id='line_1_37' title="bbox 0 0 1501 4782; baseline 0 0"><span class='ocrx_word' id='word_1_300' title='bbox 0 0 1501 4782; x_wconf 95' lang='lat' dir='ltr'><strong> </strong></span> 
     </span>
    </p>
   </div>
  </div>
 </body>
</html>
