2982 4782
662 447 908 515 ...52-

240 652 270 700 et
284 641 347 700 Sat.
372 640 395 708 t,
419 635 497 716 ,⁷594
521 631 792 715 ,‚Quidsac1nnr,
817 633 846 690 si
865 595 1154 708 turtutnifi’reriti‘*
1174 629 1227 692 Sic
1248 630 1330 714 apud

241 737 352 818 virgtt.
385 735 488 796 Bateni.
524 738 561 808 3,
598 731 634 814 74
664 731 786 822 „Quid
813 731 962 824 prodest,
997 731 1025 788 si
1059 735 1139 790 cct.‘⁶
1183 729 1225 790 cf.
1251 732 1330 792 Aen.
1406 752 1411 755 ·

241 839 298 908 Xi,
384 885 391 900 .

323 838 524 1015 itodprimum
546 930 671 1011 quidem
707 927 891 1007 inteiligitur·
910 925 1060 1006 duplicem
1090 926 1210 986 illorum
1243 927 1331 1002 ioco.

140 1025 146 1036 x
242 1055 395 1094 ramesse
418 1032 590 1100 rationem,
613 1029 709 1103 attera
734 1049 841 1086 eorum
863 1038 930 1097 est,
956 1027 1120 1106 inquibus
1143 1035 1211 1106 post
1234 1028 1331 1085 inter.

239 1143 397 1214 rogantem
417 1130 654 1190 enuntiationem
677 1127 767 1210 quid,
792 1127 843 1186 si?
886 1127 997 1183 iterum
1030 1127 1253 1204 interrogatum
1282 1126 1330 1184 ai.

238 1245 323 1308 tera,
346 1229 510 1310 inquibus
535 1238 634 1307 postea
656 1234 710 1285 aut
730 1222 908 1304 simpliciter
932 1223 1134 1304 respondetur
1163 1229 1213 1293 (ut
1236 1225 1332 1283 Mart.
1396 1211 1400 1219 ⁴

237 1333 295 1408 Xi,
309 1327 360 1405 58,
377 1329 410 1400 5)
431 1340 483 1387 aut
506 1347 654 1406 responso
670 1324 761 1384 tacite
780 1323 936 1404 intellecto
959 1326 989 1381 in
1014 1323 1157 1382 oratione
1178 1326 1327 1402 pergitur.

238 1432 273 1490 lo
296 1449 357 1509 qna
381 1449 414 1486 re
435 1426 466 1486 id
489 1435 591 1488 tamen
612 1423 783 1486 tenendum
797 1432 870 1500 est,
903 1421 946 1482 ibi
967 1442 1089 1501 quoqne
1120 1421 1171 1480 ubi
1197 1423 1330 1480 interro.

238 1535 389 1610 gationem
412 1525 612 1604 interrogatio
634 1523 762 1602 excipiat
789 1523 854 1602 ipsa
886 1520 980 1580 altera
1004 1520 1244 1601 interrogatione
1263 1521 1330 1580 dari

238 1641 441 1706 responsum
464 1624 496 1685 id
516 1634 618 1684 autem
639 1621 731 1704 quale
763 1621 803 1682 sit
823 1620 918 1681 modo
938 1632 969 1679 et
1000 1619 1099 1680 forma
1122 1615 1207 1678 verbi
1235 1619 1330 1698 signi.

237 1725 331 1785 ficari.
373 1726 449 1785 Nam
472 1722 524 1781 ubi
545 1721 758 1800 imperfectum
780 1727 827 1778 est
848 1718 1035 1792 coniunctivi
1055 1714 1162 1794 modi,
1190 1718 1222 1778 id
1245 1719 1330 1800 quod

237 1824 391 1884 indicator
410 1817 628 1900 interrogando
649 1817 715 1878 fieri
737 1833 800 1878 non
823 1837 910 1898 posse
928 1818 1112 1898 perspicitur
1134 1823 1186 1884 (ut
1207 1837 1254 1896 ap.
1267 1817 1330 1876 Cic.

237 1922 295 2004 pro
318 1922 471 2002 Liganp,
496 1917 574 1994 23);
599 1915 652 1975 ubi
675 1935 816 1996 praesens
839 1915 997 1976 indicativi
1021 1914 1102 1974 modi
1125 1925 1177 1973 atat
1197 1895 1329 1973 coninu-¹

238 2022 328 2096 ctivi,
353 2017 513 2080 fieriiilud
537 2025 591 2077 aut
613 2035 707 2096 posse
719 2023 801 2074 certe
823 2015 888 2073 tieri
910 2022 962 2087 (ut
985 2015 1048 2074 Cic.
1072 2015 1188 2073 atate.
1201 2015 1235 2088 tt,
1256 2035 1282 2088 ι,
1295 2013 1328 2073 6.
1365 2023 1368 2029 ’

129 2159 131 2162 -
237 2123 314 2182 Stet.
336 2117 412 2183 Silv.
438 2117 494 2193 lV,
514 2137 545 2198 9,
566 2113 622 2193 48)
650 2124 702 2172 aut
721 2112 789 2171 fieri
811 2111 843 2171 id
864 2131 953 2208 posse
972 2113 1097 2206 cogitari
1131 2123 1180 2182 tut
1202 2111 1264 2173 Cic.
1288 2109 1327 2169 de

237 2219 291 2278 fin.
316 2209 356 2296 V,
387 2217 435 2296 td,
454 2215 525 2292 4ο).
567 2215 674 2296 ltaque
694 2212 813 2273 diversa
834 2221 879 2270 est
906 2211 1055 2292 particula
1086 2231 1207 2293 quoque
1231 2211 1328 2270 inter·

236 2339 365 2402 rogans,
396 2319 499 2397 siqua
521 2316 598 2374 est
590 2335 621 2373 m
642 2311 766 2372 altera
759 2303 1016 2392 interrogatione,
1050 2322 1102 2372 aut
1122 2333 1194 2370 neam
1217 2323 1270 2370 aut
1291 2334 1330 2370 ue

237 2429 291 2478 aut
313 2435 373 2476 non
399 2413 446 2474 vel
467 2433 574 2477 nonne.
620 2411 739 2472 Deinde
760 2413 784 2471 si
806 2412 875 2494 qnia
894 2421 1020 2492 quaerat
1042 2409 1199 2492 quomodo
1222 2403 1253 2470 id
1271 2405 1329 2490 gel
1383 2461 1384 2470 ,

237 2537 295 2576 nus
327 2501 562 2575 constructionis
592 2511 704 2570 factum
740 2529 805 2569 esse
840 2510 1025 2587 credamus,
1060 2510 1251 2570 manifestum
1283 2520 1330 2568 est

237 2635 332 2694 quum
355 2623 524 2693 pronomen
551 2597 630 2692 {prid
662 2629 722 2666 non
749 2608 859 2668 habeat
877 2629 952 2690 ¹quo
974 2609 1161 2689 excipiatur,
1184 2610 1329 2669 omissum

160 2749 172 2766 ι
227 2733 301 2774 «εειο
323 2706 615 2772 unum‘alterumve
644 2707 850 2784 vocabulum,
880 2697 964 2790 quod
991 2720 1096 2789 sponte
1131 2709 1329 2787 inteliigatur.

183 2837 189 2846 ‘
237 2809 341 2870 Veluti
361 2794 458 2890 qaum
476 2807 559 2888 apud
580 2808 758 2866 Ciceronem
771 2801 800 2872 Ἰ.
814 2807 852 2867 V.
873 2799 912 2865 de
932 2807 996 2881 fin,
1019 2825 1115 2887 prope
1133 2829 1203 2867 eum
1225 2806 1328 2866 locum

238 2931 331 2991 quem
353 2903 444 2996 su'pr'u
466 2905 654 2987 transcripsi,
680 2904 827 2986 legimus:
871 2909 934 2982 „At
954 2925 1028 2965 vero
1049 2907 1072 2964 si
1090 2905 1129 2964 ad
1142 2906 1234 2966 vitem
1256 2927 1327 2964 seu-

236 3029 286 3070 sus
299 2997 484 3078 accesserit,
495 3016 528 3065 ut
541 3004 719 3086 appetitum
744 3003 895 3085 quendam
920 3004 1030 3064 habent
1050 3015 1080 3064 et
1099 3023 1156 3084 per
1177 3023 1209 3064 se
1231 3003 1326 3086 ipsam
1374 3069 1379 3073 ,

236 3120 409 3184 moveatur,
431 3105 507 3188 quid
528 3105 677 3164 facturam
701 3107 813 3184 putas?
833 3121 872 3162 an
894 3123 927 3162 ea
951 3107 1051 3163 cett“
1084 3121 1185 3204 nopae
1205 3123 1240 3163 ea
1261 3109 1327 3184 ipsa

235 3209 383 3268 sententia
404 3225 501 3285 quum
525 3225 581 3284 per
601 3225 633 3264 se
656 3214 732 3262 esset
754 3203 868 3283 posita,
901 3201 954 3262 ttto
986 3178 1130 3262 breviore
1153 3205 1245 3262 modo
1259 3202 1328 3306 diei

150 3373 153 3381 ,
237 3313 354 3384 posset·
382 3301 477 3378 Quid,
497 3303 521 3360 si
548 3301 587 3360 ad
611 3303 703 3360 vitem
729 3322 834 3360 seusus
857 3299 1041 3378 accesserit,
1074 3310 1170 3362 ut..
1203 3321 1327 3360 movea-

134 3435 136 3438 ·
234 3407 333 3464 tnr't“
376 3397 615 3480 inteiiigendum
643 3398 737 3480 igitur
776 3398 807 3458 in
846 3398 911 3458 eius
944 3400 1026 3458 modi
1058 3401 1214 3460 sententiis
1244 3399 1324 3460 erit:
1355 3419 1365 3436 ³

235 3502 308 3583 quid
318 3500 398 3584 fiet,
415 3499 493 3572 erit,¹
522 3499 579 3574 rit,
607 3511 697 3576 esset,
720 3498 894 3579 expediret,
921 3497 1083 3582 expedint,
1104 3511 1212 3582 pratas,
1232 3495 1332 3573 duis:

232 3601 384 3678 diras*),
410 3598 546 3672 ductes,
582 3595 704 3656 simiiia.
746 3598 833 3673 Quae
864 3618 961 3678 quarn
986 3598 1028 3657 ita
1050 3617 1114 3656 sese
1145 3597 1257 3658 habere
1279 3598 1326 3655 vi·
1356 3585 1360 3588 ’

234 3702 376 3774 deantur,
396 3697 515 3778 signum
538 3695 784 3778 interrogationis
814 3693 923 3776 duplex
955 3697 1127 3777 ponendum
1149 3716 1214 3756 esse
1232 3717 1328 3777 appa·

229 3800 284 3868 ,ret
306 3797 348 3856 ita
371 3806 405 3855 ut
425 3793 615 3874 suprafeci‚
649 3814 708 3852 non
743 3793 894 3854 utsolent
924 3795 1057 3872 „Quidt
1097 3797 1152 3860 si.
1178 3794 1324 3868 isuisset,

234 3915 337 3979 ponam
356 3935 368 3953 0
388 3935 396 3951 .
420 3939 428 3957 .
451 3891 617 3975 ssngtrtor‘
661 3891 805 3972 Propert,
829 3894 867 3971 tt,
890 3891 941 3972 34,
967 3911 1013 3960 ιι.
1034 3927 1075 3940 ··-
1107 3894 1171 3954 ianr
1192 3914 1268 3955 vero
1291 3903 1333 3969 ut¹

229 4035 298 4048 --
311 4033 431 4042 --0-0—--v-
446 4033 461 4039 -

302 4098 330 4168 'J
348 4099 383 4151 et.
401 4097 494 4174 Horat.
513 4099 590 4168 epist.
610 4098 631 4160 t,
655 4098 695 4156 ιδ,
718 4112 756 4146 ιι.
812 4087 814 4092 ’
