2930 4778
671 349 961 423 ...ΒΟ-ἵ

165 613 171 630 .
246 541 409 602 Herceum
429 552 464 604 ut
486 551 705 624 mgnnecnrrt3
727 538 853 610 dimisit,
877 541 979 616 posteo
999 538 1168 604 reuocauit,
1200 545 1233 596 ut
1256 546 1333 596 essct

243 640 273 698 in
299 641 466 702 amicorum
490 661 626 704 numero.
648 635 766 696 Deinde
777 635 872 696 hond
889 633 1044 696 dissimilis
1067 647 1111 696 eat
1131 635 1213 696 iocus
1228 636 1334 699 Carm.

243 739 268 814 i,
289 739 344 815 50,
365 761 397 819 a,
418 764 483 824 qno
503 743 574 802 ioco
596 737 726 816 Glycera
749 733 905 795 Venerem-
918 747 1022 812 uocat„
1039 744 1075 794 ut
1100 733 1138 794 od
1166 755 1196 797 se
1218 734 1337 809 veniat,

243 849 277 898 ut
302 859 403 900 seeum
423 845 473 920 sit,
495 836 640 906 habibet3
669 843 699 892 et
721 833 803 894 coni.
828 833 921 900 Ouid.
945 837 1018 896 Met
1041 835 1089 910 X,
1110 833 1152 910 48
1172 825 1338 911 „Jt'ibydi-

241 957 353 1020 reoque
375 941 509 1000 uorom“
532 953 574 996 rc.
597 931 635 990 ad
658 952 699 1008 se,
721 943 755 992 ut
777 932 815 992 ad
836 953 869 994 ae
892 934 1005 994 veniat.
1028 932 1113 1009 Quid
1137 931 1248 1012 pluro?
1271 931 1337 990 Huc

243 1038 306 1117 tuso
325 1049 468 1118 ternpore,
491 1052 553 1112 qun
574 1043 700 1092 vocatus
721 1041 765 1092 est
786 1035 993 1102 aMaecenate
1009 1031 1164 1128 Horatius,
1186 1030 1356 1111 scriptum.
1395 1110 1399 1117 ι

241 1155 367 1196 carmen
390 1130 462 1192 mihi
486 1129 623 1208 videtur,
647 1130 773 1212 pienum
796 1131 928 1194 laetitiae
950 1142 980 1192 et
1001 1127 1220 1192 documentum
1249 1129 1336 1190 voiu-

241 1234 342 1314 ptatiq
362 1249 420 1310 quo
443 1228 601 1308 perfusum
625 1230 677 1291 itte
698 1253 729 1292 se
750 1234 888 1310 sentiret,
913 1231 996 1314 quod
1020 1233 1097 1292 tanti
1120 1231 1177 1290 viri
1201 1228 1336 1291 amicitia

187 1383 192 1394 .
240 1342 269 1390 ot
291 1349 344 1389 usu
365 1327 474 1408 dignus
495 1328 671 1396 baberetur.
715 1333 869 1412 ingentem
891 1330 1121 1392 exsultationem
1145 1341 1176 1390 et
1196 1331 1336 1410 inspera-

240 1438 302 1487 tam
327 1427 480 1488 fortunam
515 1428 681 1492 tumidiore
711 1430 772 1507 hoo
803 1432 940 1492 carmine
969 1428 1147 1490 adolescens
1179 1429 1334 1508 ostendit;
1387 1457 1390 1466 ¹

153 1523 159 1540 ⁸
239 1547 325 1586 nunc
346 1525 378 1586 ae
398 1525 471 1587 dicit
486 1526 822 1592 invidiu'maiorcm'in
843 1531 936 1590 terrio
956 1549 1017 1588 non
1033 1529 1092 1588 iam
1113 1529 1239 1602 irrorari,
1254 1547 1337 1590 nuuc

239 1646 286 1698 ue,
317 1627 404 1710 cuins
427 1627 582 1708 ingenium
612 1628 703 1710 quala
730 1629 770 1690 sit
796 1639 898 1690 tantus
926 1639 1050 1708 tamque
1077 1626 1198 1691 subtilia
1228 1615 1334 1688 iudicii

240 1725 333 1786 horno
351 1730 495 1804 senserit,
518 1729 610 1788 urbes
630 1728 816 1809 relinquere,
835 1749 917 1788 nunc
937 1748 969 1788 se
989 1749 1095 1788 verum
1123 1748 1187 1788 esse
1208 1737 1333 1808 poetam

239 1831 422 1914 laudemque
442 1835 487 1893 aui
510 1836 640 1894 nominis
662 1845 837 1916 perpetuam
869 1835 935 1894 fore
953 1855 999 1900 ,ac
1026 1835 1263 1915 sempiternam
1293 1834 1333 1894 ab

204 1952 213 1960 ·
240 1930 385 1995 omnibus
404 1951 435 1992 se
458 1932 632 1993 horninibus
655 1933 843 2024 omniqmet
863 1935 1020 2014 regionum
1039 1944 1071 1994 et
1100 1941 1273 2013 temporum
1295 1932 1334 1994 iri

240 2029 410 2102 laudatum,
432 2031 694 2092 immortalitatem
717 2052 750 2092 se
772 2031 840 2092 tamt
855 2033 997 2112 adeptum
1018 2053 1084 2094 ease
1099 2033 1212 2096 vivum.
1234 2111 1237 2118 Ι
1256 2031 1334 2112 inde

240 2129 334 2211 igitur
357 2128 499 2190 iuvenilis
521 2113 625 2206 ardor,
650 2129 791 2192 iuvenilis
812 2131 965 2212 superbia,
986 2130 1126 2194 iuvenilia
1149 2141 1260 2192 tumor.
1292 2130 1333 2192 Et

240 2229 396 2310 proiect03
419 2227 526 2290 habuit
549 2231 642 2290 etiam
665 2229 811 2290 Horatius
830 2251 887 2290 cur
909 2231 1056 2313 gauderet
1083 2240 1115 2292 et
1136 2229 1334 2293 vehementer

124 2369 128 2372 -
232 2327 397 2408 gauderet.
441 2327 516 2390 Nam
540 2331 619 2390 bona
644 2340 710 2392 eret
735 2329 837 2390 sutura
868 2331 954 2408 vita,
981 2339 1071 2390 auten
1099 2348 1197 2410 paene
1224 2328 1334 2388 miiero
1432 2339 1433 2349 ¹

239 2427 368 2487 Horatio
390 2419 514 2507 quidem
535 2440 653 2509 poetae,
676 2427 858 2510 utpote-qui
881 2430 964 2490 curis
984 2439 1015 2490 et
1044 2427 1170 2508 negotiis
1203 2446 1333 2486 vacuam

240 2527 344 2601 ritam3
366 2536 397 2584 ut
420 2517 571 2588 totumue
593 2526 719 2588 dederet
749 2528 859 2599 musis,
875 2525 1033 2586 *ardenter
1058 2545 1171 2606 cupere
1197 2525 1334 2594 deberet.
1431 2577 1432 2580 ,

239 2623 287 2686 Cf.
305 2625 370 2684 Sat.
393 2627 432 2698 ΙΙ,
456 2625 488 2700 6,
516 2631 534 2686 r'
551 2643 619 2705 sqq.
662 2624 793 2684 Videtur
818 2625 911 2706 igitur
930 2625 1034 2700 Carra.
1055 2625 1081 2683 ll
1104 2645 1144 2684 oo
1163 2645 1244 2684 anno
1272 2626 1333 2706 7⁴6
1423 2647 1432 2674 ³

237 2725 383 2804 cerintum
407 2744 480 2797 esse,
506 2743 568 2802 quo
593 2723 737 2784 Horatius
759 2723 1113 2804 vicesimumraeptimum
1135 2721 1241 2800 aetatis
1262 2744 1332 2802 age..
1395 2731 1400 2735 '

231 2834 299 2882 ret.
341 2825 416 2882 Nam
437 2821 519 2902 quod
543 2820 710 2898 Kirclrner,
745 2820 964 2900 Groteflmdus,
991 2809 1124 2882 Orellius
1152 2842 1180 2886 a.
1210 2821 1272 2903 735
1303 2821 1332 2882 id

239 2924 445 3004 compositum
467 2939 529 2980 esse
549 2921 703 2998 dixerunt,
727 2942 762 2982 ea
782 2921 960 2982 coniectura
982 2929 1028 3006 eat
1047 2941 1148 3003 oeque
1167 2922 1333 3002 quidquam
1391 2968 1394 2974 .

241 3019 280 3078 in'
295 3023 430 3080 carmine
452 3020 608 3100 reperitur
627 3019 709 3100 quud
733 3039 798 3078 enm
824 3017 940 3078 Horatii
964 3029 1092 3080 aetatem
1116 3019 1237 3100 prodat.
1283 3017 1330 3082 Cf.

173 3175 178 3188 „
240 3117 435 3179 Frankius'i.
455 3118 473 3182 Ι.
496 3137 524 3198 p.
553 3115 620 3195 284.
664 3120 712 3180 Do
734 3119 896 3178 Kr'rrlmeri
912 3118 1060 3178 sententio
1080 3119 1207 3195 Quaeat.
1223 3119 1331 3182 Horat.
1404 3116 1431 3163 'i

240 3237 271 3298 p.
300 3237 351 3276 ru:
376 3215 446 3294 „nit
470 3212 527 3276 nisi
549 3215 660 3297 ingenii
678 3216 790 3292 iusum,
809 3217 861 3298 qui
883 3227 990 3298 poetae
1010 3217 1049 3276 de
1068 3220 1239 3277 carminum
1262 3237 1334 3276 suo·

240 3336 307 3376 rum
330 3315 462 3377 editione
483 3307 646 3396 aliquando
667 3314 810 3394 cogitanti
834 3316 990 3392 exciderit,
1023 3314 1053 3374 in
1071 3331 1123 3375 'eo
1156 3314 1354 3396 deprehen..

241 3414 351 3490 dimus,
375 3414 504 3496 ideoque
528 3425 596 3496 post
616 3416 647 3474 in
668 3411 740 3474 libri
763 3413 970 3486 secundiiiine
990 3413 1174 3474 collocutum
1197 3415 1331 3474 arbitra·
1429 3467 1430 3476 ,

241 3512 428 3593 ωυτ,“ᾳιιοά
450 3534 507 3594 pro
529 3511 664 3586 cieusuia
688 3513 769 3573 haud
783 3511 987 3574 ,incommode
1010 3511 1151 3573 adhiberi
1174 3531 1262 3594 posse
1283 3513 1330 3589 via
1429 3557 1430 3566 ,

239 3613 396 3690 der·etur“,
417 3611 456 3670 dc
477 3634 525 3692 ea,
548 3611 672 3694 inquam
695 3615 734 3679 V.
757 3613 795 3678 D.
812 3611 875 3694 ipse
896 3613 1009 3688 videat,
1040 3612 1127 3686 nobis
1157 3622 1240 3670 certe
1268 3629 1330 3670 non

240 3711 398 3794 persuasit.
425 3710 534 3794 Neque
554 3715 648 3794 magio
669 3699 874 3788 Eicbatodius,
894 3713 943 3772 vir
962 3713 1146 3772 clarissimus
1168 3709 1331 3787 (Paradox.

240 3811 351 3892 quaed.
376 3809 495 3878 [iurati.
518 3816 608 3874 ienae
635 3811 740 3888 1831„
763 3811 794 3870 in
808 3811 894 3872 seriis
915 3814 995 3872 eninr
1012 3812 1103 3872 rebus
1118 3810 1331 3890 intempestive

242 3911 336 3972 iocari
358 3910 559 3976 iniucundum
579 3921 634 3972 ast.
677 3911 895 3972 Portentosum
923 3920 1024 3996 nutem
1057 3895 1332 3990 rat-Reerilranipii
1428 3903 1429 3979 i

239 4021 456 4094 commentum,
476 4014 616 4081 ultimum
636 4009 703 4073 iioc
723 4027 789 4082 erue
808 4017 932 4072 cannen
954 4009 1044 4092 pauiu
1057 4018 1129 4072 nnte
1149 4009 1189 4070 ab
1203 4009 1331 4070 Horatio
