<?xml version="1.0" encoding="UTF-8"?>
<!DOCTYPE html PUBLIC "-//W3C//DTD XHTML 1.0 Transitional//EN"
    "http://www.w3.org/TR/xhtml1/DTD/xhtml1-transitional.dtd">
<html xmlns="http://www.w3.org/1999/xhtml" xml:lang="en" lang="en">
 <head>
  <title>
</title>
<meta http-equiv="Content-Type" content="text/html;charset=utf-8" />
  <meta name='ocr-system' content='tesseract 3.04.00' />
  <meta name='ocr-capabilities' content='ocr_page ocr_carea ocr_par ocr_line ocrx_word'/>
</head>
<body>
  <div class='ocr_page' id='page_1' title='image "./quaestionumhora00dillgoog_0111.png"; bbox 0 0 2930 4778; ppageno 0'>
   <div class='ocr_carea' id='block_1_1' title="bbox 671 380 1099 452">
    <p class='ocr_par' dir='ltr' id='par_1_1' title="bbox 671 380 1099 452">
     <span class='ocr_line' id='line_1_1' title="bbox 671 380 1099 452; baseline 0.005 -2"><span class='ocrx_word' id='word_1_1' title='bbox 671 380 914 452; x_wconf 82' lang='lat' dir='ltr'><strong>-as-</strong></span> <span class='ocrx_word' id='word_1_2' title='bbox 1010 407 1099 426; x_wconf 27' lang='grc' dir='ltr'><strong>-ψ</strong></span> 
     </span>
    </p>
   </div>
   <div class='ocr_carea' id='block_1_2' title="bbox 168 553 1371 2228">
    <p class='ocr_par' dir='ltr' id='par_1_2' title="bbox 168 553 1371 2228">
     <span class='ocr_line' id='line_1_2' title="bbox 232 553 1351 652; baseline -0.013 -14"><span class='ocrx_word' id='word_1_3' title='bbox 232 553 378 642; x_wconf 58' lang='grc' dir='ltr'><strong>Ἰκαιιῑιιιῑ</strong></span> <span class='ocrx_word' id='word_1_4' title='bbox 399 581 532 652; x_wconf 75' lang='lat' dir='ltr'><strong>oportet.</strong></span> <span class='ocrx_word' id='word_1_5' title='bbox 586 569 645 631; x_wconf 89' lang='lat' dir='ltr'><strong>Cui</strong></span> <span class='ocrx_word' id='word_1_6' title='bbox 666 569 802 651; x_wconf 82' lang='lat' dir='ltr'><strong>denique</strong></span> <span class='ocrx_word' id='word_1_7' title='bbox 824 569 856 628; x_wconf 91' lang='lat' dir='ltr'><strong>in</strong></span> <span class='ocrx_word' id='word_1_8' title='bbox 880 579 1011 628; x_wconf 87' lang='lat' dir='ltr'><strong>mentem</strong></span> <span class='ocrx_word' id='word_1_9' title='bbox 1036 586 1097 626; x_wconf 88' lang='lat' dir='ltr'><strong>non</strong></span> <span class='ocrx_word' id='word_1_10' title='bbox 1121 568 1203 626; x_wconf 82' lang='lat' dir='ltr'><strong>uenit</strong></span> <span class='ocrx_word' id='word_1_11' title='bbox 1225 564 1351 650; x_wconf 65' lang='lat' dir='ltr'><strong>deciam</strong></span> 
     </span>
     <span class='ocr_line' id='line_1_3' title="bbox 247 667 1348 749; baseline -0.014 -15"><span class='ocrx_word' id='word_1_12' title='bbox 247 673 328 735; x_wconf 80' lang='lat' dir='ltr'><strong>tertii</strong></span> <span class='ocrx_word' id='word_1_13' title='bbox 348 671 493 732; x_wconf 87' lang='lat' dir='ltr'><strong>carminis</strong></span> <span class='ocrx_word' id='word_1_14' title='bbox 515 667 654 730; x_wconf 83' lang='lat' dir='ltr'><strong>Catulli?</strong></span> <span class='ocrx_word' id='word_1_15' title='bbox 676 669 729 748; x_wconf 81' lang='lat' dir='ltr'><strong>qui</strong></span> <span class='ocrx_word' id='word_1_16' title='bbox 750 687 843 749; x_wconf 89' lang='lat' dir='ltr'><strong>quum</strong></span> <span class='ocrx_word' id='word_1_17' title='bbox 866 686 991 726; x_wconf 87' lang='lat' dir='ltr'><strong>coenam</strong></span> <span class='ocrx_word' id='word_1_18' title='bbox 1013 674 1144 745; x_wconf 86' lang='lat' dir='ltr'><strong>pararet,</strong></span> <span class='ocrx_word' id='word_1_19' title='bbox 1171 677 1235 726; x_wconf 80' lang='lat' dir='ltr'><strong>rent</strong></span> <span class='ocrx_word' id='word_1_20' title='bbox 1255 685 1348 724; x_wconf 84' lang='lat' dir='ltr'><strong>coa.</strong></span> 
     </span>
     <span class='ocr_line' id='line_1_4' title="bbox 247 763 1347 843; baseline -0.009 -11"><span class='ocrx_word' id='word_1_21' title='bbox 247 772 343 832; x_wconf 81' lang='lat' dir='ltr'><strong>traria</strong></span> <span class='ocrx_word' id='word_1_22' title='bbox 370 769 488 830; x_wconf 86' lang='lat' dir='ltr'><strong>ratione</strong></span> <span class='ocrx_word' id='word_1_23' title='bbox 522 769 563 827; x_wconf 88' lang='lat' dir='ltr'><strong>ita</strong></span> <span class='ocrx_word' id='word_1_24' title='bbox 584 766 728 843; x_wconf 83' lang='lat' dir='ltr'><strong>instituit,</strong></span> <span class='ocrx_word' id='word_1_25' title='bbox 759 776 794 826; x_wconf 85' lang='lat' dir='ltr'><strong>ut</strong></span> <span class='ocrx_word' id='word_1_26' title='bbox 811 764 928 826; x_wconf 80' lang='lat' dir='ltr'><strong>amicos</strong></span> <span class='ocrx_word' id='word_1_27' title='bbox 950 763 1071 826; x_wconf 79' lang='lat' dir='ltr'><strong>iulieret</strong></span> <span class='ocrx_word' id='word_1_28' title='bbox 1091 763 1208 824; x_wconf 81' lang='lat' dir='ltr'><strong>omnia.</strong></span> <span class='ocrx_word' id='word_1_29' title='bbox 1228 783 1347 842; x_wconf 70' lang='lat' dir='ltr'><strong>seeum</strong></span> 
     </span>
     <span class='ocr_line' id='line_1_5' title="bbox 246 861 1347 948; baseline -0.008 -20"><span class='ocrx_word' id='word_1_30' title='bbox 246 867 334 944; x_wconf 79' lang='lat' dir='ltr'><strong>ferre,</strong></span> <span class='ocrx_word' id='word_1_31' title='bbox 365 868 462 948; x_wconf 81' lang='lat' dir='ltr'>ipsam</span> <span class='ocrx_word' id='word_1_32' title='bbox 492 886 622 928; x_wconf 85' lang='lat' dir='ltr'><strong>coenem</strong></span> <span class='ocrx_word' id='word_1_33' title='bbox 648 874 680 926; x_wconf 81' lang='lat' dir='ltr'><strong>et</strong></span> <span class='ocrx_word' id='word_1_34' title='bbox 714 867 840 944; x_wconf 81' lang='lat' dir='ltr'><strong>vinum3</strong></span> <span class='ocrx_word' id='word_1_35' title='bbox 895 883 926 924; x_wconf 83' lang='lat' dir='ltr'><strong>se</strong></span> <span class='ocrx_word' id='word_1_36' title='bbox 957 871 1062 922; x_wconf 81' lang='lat' dir='ltr'><strong>autem</strong></span> <span class='ocrx_word' id='word_1_37' title='bbox 1091 872 1246 944; x_wconf 78' lang='lat' dir='ltr'><strong>unguenta</strong></span> <span class='ocrx_word' id='word_1_38' title='bbox 1278 861 1347 922; x_wconf 83' lang='lat' dir='ltr'><strong>da.</strong></span> 
     </span>
     <span class='ocr_line' id='line_1_6' title="bbox 247 975 579 1052; baseline -0.036 -17"><span class='ocrx_word' id='word_1_39' title='bbox 247 975 367 1035; x_wconf 82' lang='lat' dir='ltr'><strong>turum.</strong></span> <span class='ocrx_word' id='word_1_40' title='bbox 574 1039 579 1052; x_wconf 29' lang='lat' dir='ltr'>x</span> 
     </span>
     <span class='ocr_line' id='line_1_7' title="bbox 330 1055 1344 1144; baseline -0.005 -20"><span class='ocrx_word' id='word_1_41' title='bbox 330 1065 419 1140; x_wconf 86' lang='lat' dir='ltr'><strong>Quae</strong></span> <span class='ocrx_word' id='word_1_42' title='bbox 438 1083 533 1144; x_wconf 88' lang='lat' dir='ltr'><strong>quum</strong></span> <span class='ocrx_word' id='word_1_43' title='bbox 565 1055 607 1122; x_wconf 85' lang='lat' dir='ltr'><strong>ita</strong></span> <span class='ocrx_word' id='word_1_44' title='bbox 633 1082 700 1124; x_wconf 84' lang='lat' dir='ltr'><strong>sese</strong></span> <span class='ocrx_word' id='word_1_45' title='bbox 723 1059 836 1124; x_wconf 79' lang='lat' dir='ltr'><strong>habere</strong></span> <span class='ocrx_word' id='word_1_46' title='bbox 862 1060 1048 1132; x_wconf 53' lang='lat' dir='ltr'><strong>videanturs</strong></span> <span class='ocrx_word' id='word_1_47' title='bbox 1068 1060 1230 1142; x_wconf 84' lang='lat' dir='ltr'><strong>Virgilium</strong></span> <span class='ocrx_word' id='word_1_48' title='bbox 1252 1056 1344 1119; x_wconf 76' lang='lat' dir='ltr'><strong>lione</strong></span> 
     </span>
     <span class='ocr_line' id='line_1_8' title="bbox 246 1157 1343 1242; baseline -0.007 -16"><span class='ocrx_word' id='word_1_49' title='bbox 246 1164 449 1236; x_wconf 82' lang='lat' dir='ltr'><strong>Horatianum</strong></span> <span class='ocrx_word' id='word_1_50' title='bbox 486 1182 586 1240; x_wconf 88' lang='lat' dir='ltr'><strong>neque</strong></span> <span class='ocrx_word' id='word_1_51' title='bbox 606 1161 841 1242; x_wconf 84' lang='lat' dir='ltr'><strong>unguentarium</strong></span> <span class='ocrx_word' id='word_1_52' title='bbox 870 1181 967 1240; x_wconf 87' lang='lat' dir='ltr'><strong>neque</strong></span> <span class='ocrx_word' id='word_1_53' title='bbox 995 1158 1149 1218; x_wconf 83' lang='lat' dir='ltr'><strong>medicum</strong></span> <span class='ocrx_word' id='word_1_54' title='bbox 1174 1157 1343 1239; x_wconf 76' lang='lat' dir='ltr'><strong>quendam</strong></span> 
     </span>
     <span class='ocr_line' id='line_1_9' title="bbox 245 1255 1341 1339; baseline -0.006 -17"><span class='ocrx_word' id='word_1_55' title='bbox 245 1261 419 1336; x_wconf 77' lang='lat' dir='ltr'><strong>Neronum,</strong></span> <span class='ocrx_word' id='word_1_56' title='bbox 449 1259 503 1320; x_wconf 80' lang='lat' dir='ltr'><strong>aed</strong></span> <span class='ocrx_word' id='word_1_57' title='bbox 534 1260 631 1339; x_wconf 85' lang='lat' dir='ltr'><strong>ipsum</strong></span> <span class='ocrx_word' id='word_1_58' title='bbox 664 1269 800 1338; x_wconf 79' lang='lat' dir='ltr'><strong>poetam,</strong></span> <span class='ocrx_word' id='word_1_59' title='bbox 829 1271 966 1318; x_wconf 87' lang='lat' dir='ltr'><strong>veterem</strong></span> <span class='ocrx_word' id='word_1_60' title='bbox 994 1257 1124 1318; x_wconf 84' lang='lat' dir='ltr'><strong>amicum</strong></span> <span class='ocrx_word' id='word_1_61' title='bbox 1148 1255 1184 1318; x_wconf 69' lang='lat' dir='ltr'><strong>et&#39;</strong></span> <span class='ocrx_word' id='word_1_62' title='bbox 1200 1257 1341 1318; x_wconf 84' lang='lat' dir='ltr'><strong>sodalem</strong></span> 
     </span>
     <span class='ocr_line' id='line_1_10' title="bbox 244 1356 1342 1437; baseline -0.002 -19"><span class='ocrx_word' id='word_1_63' title='bbox 244 1359 346 1424; x_wconf 80' lang='lat' dir='ltr'><strong>Flacci</strong></span> <span class='ocrx_word' id='word_1_64' title='bbox 363 1379 427 1419; x_wconf 85' lang='lat' dir='ltr'><strong>esse</strong></span> <span class='ocrx_word' id='word_1_65' title='bbox 449 1357 522 1418; x_wconf 80' lang='lat' dir='ltr'><strong>milri</strong></span> <span class='ocrx_word' id='word_1_66' title='bbox 541 1368 570 1418; x_wconf 86' lang='lat' dir='ltr'><strong>et</strong></span> <span class='ocrx_word' id='word_1_67' title='bbox 587 1377 706 1437; x_wconf 80' lang='lat' dir='ltr'>semper</span> <span class='ocrx_word' id='word_1_68' title='bbox 727 1356 992 1416; x_wconf 81' lang='lat' dir='ltr'><strong>fuitcertissinaum</strong></span> <span class='ocrx_word' id='word_1_69' title='bbox 1013 1365 1045 1416; x_wconf 83' lang='lat' dir='ltr'><strong>et</strong></span> <span class='ocrx_word' id='word_1_70' title='bbox 1065 1377 1147 1416; x_wconf 84' lang='lat' dir='ltr'><strong>nrrnc</strong></span> <span class='ocrx_word' id='word_1_71' title='bbox 1166 1367 1233 1432; x_wconf 76' lang='lat' dir='ltr'><strong>est3</strong></span> <span class='ocrx_word' id='word_1_72' title='bbox 1252 1357 1342 1416; x_wconf 84' lang='lat' dir='ltr'><strong>cuius</strong></span> 
     </span>
     <span class='ocr_line' id='line_1_11' title="bbox 233 1455 1336 1538; baseline -0.004 -18"><span class='ocrx_word' id='word_1_73' title='bbox 233 1460 398 1538; x_wconf 68' lang='lat' dir='ltr'><strong>&#39;opinionis</strong></span> <span class='ocrx_word' id='word_1_74' title='bbox 419 1459 533 1518; x_wconf 86' lang='lat' dir='ltr'><strong>socium</strong></span> <span class='ocrx_word' id='word_1_75' title='bbox 557 1477 604 1518; x_wconf 91' lang='lat' dir='ltr'><strong>me</strong></span> <span class='ocrx_word' id='word_1_76' title='bbox 626 1455 834 1538; x_wconf 79' lang='lat' dir='ltr'><strong>narnelrabere</strong></span> <span class='ocrx_word' id='word_1_77' title='bbox 857 1455 1063 1532; x_wconf 75' lang='lat' dir='ltr'><strong>Duent‘aerum</strong></span> <span class='ocrx_word' id='word_1_78' title='bbox 1085 1465 1336 1536; x_wconf 82' lang='lat' dir='ltr'><strong>pergratumest.</strong></span> 
     </span>
     <span class='ocr_line' id='line_1_12' title="bbox 244 1553 1337 1640; baseline -0.003 -26"><span class='ocrx_word' id='word_1_79' title='bbox 244 1568 429 1640; x_wconf 80' lang='lat' dir='ltr'><strong>qrramquam</strong></span> <span class='ocrx_word' id='word_1_80' title='bbox 466 1558 491 1616; x_wconf 90' lang='lat' dir='ltr'><strong>is</strong></span> <span class='ocrx_word' id='word_1_81' title='bbox 513 1565 670 1636; x_wconf 86' lang='lat' dir='ltr'><strong>poetarum</strong></span> <span class='ocrx_word' id='word_1_82' title='bbox 702 1553 905 1634; x_wconf 79' lang='lat' dir='ltr'><strong>profusionem</strong></span> <span class='ocrx_word' id='word_1_83' title='bbox 941 1555 1032 1614; x_wconf 83' lang='lat' dir='ltr'><strong>etiarn</strong></span> <span class='ocrx_word' id='word_1_84' title='bbox 1053 1555 1133 1612; x_wconf 80' lang='lat' dir='ltr'><strong>auxit</strong></span> <span class='ocrx_word' id='word_1_85' title='bbox 1155 1553 1269 1614; x_wconf 84' lang='lat' dir='ltr'><strong>Caleno</strong></span> <span class='ocrx_word' id='word_1_86' title='bbox 1303 1554 1337 1612; x_wconf 91' lang='lat' dir='ltr'><strong>in</strong></span> 
     </span>
     <span class='ocr_line' id='line_1_13' title="bbox 245 1651 1336 1734; baseline -0.004 -14"><span class='ocrx_word' id='word_1_87' title='bbox 245 1657 418 1734; x_wconf 73' lang='lat' dir='ltr'><strong>Falernum</strong></span> <span class='ocrx_word' id='word_1_88' title='bbox 441 1667 559 1716; x_wconf 86' lang='lat' dir='ltr'><strong>mutato</strong></span> <span class='ocrx_word' id='word_1_89' title='bbox 583 1655 634 1730; x_wconf 81' lang='lat' dir='ltr'><strong>(cl.</strong></span> <span class='ocrx_word' id='word_1_90' title='bbox 657 1655 736 1714; x_wconf 79' lang='lat' dir='ltr'><strong>Ptin.</strong></span> <span class='ocrx_word' id='word_1_91' title='bbox 755 1656 784 1732; x_wconf 69' lang='grc'><strong>4.</strong></span> <span class='ocrx_word' id='word_1_92' title='bbox 810 1654 848 1713; x_wconf 85' lang='grc' dir='ltr'><strong>Ν.</strong></span> <span class='ocrx_word' id='word_1_93' title='bbox 868 1653 950 1728; x_wconf 84' lang='lat' dir='ltr'><strong>XlV,</strong></span> <span class='ocrx_word' id='word_1_94' title='bbox 977 1652 1020 1721; x_wconf 81' lang='grc'><strong>6).</strong></span> <span class='ocrx_word' id='word_1_95' title='bbox 1062 1651 1208 1714; x_wconf 77' lang='lat' dir='ltr'><strong>Frankt&#39;us</strong></span> <span class='ocrx_word' id='word_1_96' title='bbox 1229 1666 1336 1716; x_wconf 83' lang='lat' dir='ltr'><strong>tamen</strong></span> 
     </span>
     <span class='ocr_line' id='line_1_14' title="bbox 168 1751 1336 1840; baseline 0.002 -26"><span class='ocrx_word' id='word_1_97' title='bbox 168 1833 173 1840; x_wconf 62' lang='lat'><em>„</em></span> <span class='ocrx_word' id='word_1_98' title='bbox 245 1777 276 1836; x_wconf 83' lang='lat' dir='ltr'><strong>p.</strong></span> <span class='ocrx_word' id='word_1_99' title='bbox 299 1755 358 1814; x_wconf 78' lang='lat'><strong>225</strong></span> <span class='ocrx_word' id='word_1_100' title='bbox 392 1757 612 1834; x_wconf 70' lang='lat' dir='ltr'><strong>negotiatorem</strong></span> <span class='ocrx_word' id='word_1_101' title='bbox 639 1763 726 1819; x_wconf 83' lang='lat' dir='ltr'><strong>lanto</strong></span> <span class='ocrx_word' id='word_1_102' title='bbox 755 1751 871 1812; x_wconf 83' lang='lat' dir='ltr'><strong>honore</strong></span> <span class='ocrx_word' id='word_1_103' title='bbox 901 1751 1026 1832; x_wconf 80' lang='lat' dir='ltr'><strong>dignum</strong></span> <span class='ocrx_word' id='word_1_104' title='bbox 1048 1751 1152 1814; x_wconf 84' lang='lat' dir='ltr'><strong>habet.</strong></span> <span class='ocrx_word' id='word_1_105' title='bbox 1193 1753 1238 1817; x_wconf 84' lang='lat' dir='ltr'><strong>Ee</strong></span> <span class='ocrx_word' id='word_1_106' title='bbox 1259 1774 1336 1816; x_wconf 80' lang='lat' dir='ltr'><strong>vero</strong></span> 
     </span>
     <span class='ocr_line' id='line_1_15' title="bbox 197 1848 1339 1934; baseline 0 -20"><span class='ocrx_word' id='word_1_107' title='bbox 197 1879 201 1886; x_wconf 47' lang='lat'>⁸</span> <span class='ocrx_word' id='word_1_108' title='bbox 245 1852 414 1925; x_wconf 77' lang='lat' dir='ltr'><strong>difficultas,</strong></span> <span class='ocrx_word' id='word_1_109' title='bbox 439 1851 520 1933; x_wconf 88' lang='lat' dir='ltr'><strong>quod</strong></span> <span class='ocrx_word' id='word_1_110' title='bbox 550 1853 610 1924; x_wconf 79' lang='lat' dir='ltr'><strong>tale</strong></span> <span class='ocrx_word' id='word_1_111' title='bbox 633 1871 755 1910; x_wconf 88' lang='lat' dir='ltr'><strong>carmen</strong></span> <span class='ocrx_word' id='word_1_112' title='bbox 789 1851 819 1912; x_wconf 94' lang='lat' dir='ltr'><strong>in</strong></span> <span class='ocrx_word' id='word_1_113' title='bbox 841 1861 950 1931; x_wconf 84' lang='lat' dir='ltr'><strong>quarto</strong></span> <span class='ocrx_word' id='word_1_114' title='bbox 982 1848 1064 1912; x_wconf 86' lang='lat' dir='ltr'><strong>libro</strong></span> <span class='ocrx_word' id='word_1_115' title='bbox 1094 1849 1215 1934; x_wconf 71' lang='lat' dir='ltr'><strong>legitur,</strong></span> <span class='ocrx_word' id='word_1_116' title='bbox 1243 1873 1339 1934; x_wconf 86' lang='lat' dir='ltr'><strong>qnam</strong></span> 
     </span>
     <span class='ocr_line' id='line_1_16' title="bbox 243 1948 1337 2034; baseline -0.002 -24"><span class='ocrx_word' id='word_1_117' title='bbox 243 1952 369 2034; x_wconf 84' lang='lat' dir='ltr'><strong>quidem</strong></span> <span class='ocrx_word' id='word_1_118' title='bbox 386 1951 545 2012; x_wconf 70' lang='lat' dir='ltr'><strong>otharius</strong></span> <span class='ocrx_word' id='word_1_119' title='bbox 568 1949 667 2026; x_wconf 82' lang='lat' dir='ltr'><strong>(lalm.</strong></span> <span class='ocrx_word' id='word_1_120' title='bbox 685 1949 763 2014; x_wconf 82' lang='lat' dir='ltr'><strong>ann.</strong></span> <span class='ocrx_word' id='word_1_121' title='bbox 785 1949 858 2029; x_wconf 86' lang='lat' dir='ltr'><strong>phil.</strong></span> <span class='ocrx_word' id='word_1_122' title='bbox 887 1948 975 2012; x_wconf 80' lang='lat'><strong>1835.</strong></span> <span class='ocrx_word' id='word_1_123' title='bbox 1000 1949 1070 2008; x_wconf 92' lang='lat' dir='ltr'><strong>XV.</strong></span> <span class='ocrx_word' id='word_1_124' title='bbox 1097 1971 1120 2010; x_wconf 84' lang='lat' dir='ltr'><strong>r.</strong></span> <span class='ocrx_word' id='word_1_125' title='bbox 1144 1971 1174 2030; x_wconf 87' lang='lat' dir='ltr'><strong>p.</strong></span> <span class='ocrx_word' id='word_1_126' title='bbox 1196 1955 1246 2029; x_wconf 83' lang='lat'><strong>72)</strong></span> <span class='ocrx_word' id='word_1_127' title='bbox 1267 1971 1337 2010; x_wconf 88' lang='lat' dir='ltr'><strong>ma..</strong></span> 
     </span>
     <span class='ocr_line' id='line_1_17' title="bbox 244 2047 1371 2134; baseline -0.002 -24"><span class='ocrx_word' id='word_1_128' title='bbox 244 2051 355 2110; x_wconf 83' lang='lat' dir='ltr'><strong>xinram</strong></span> <span class='ocrx_word' id='word_1_129' title='bbox 374 2049 474 2125; x_wconf 62' lang='lat' dir='ltr'><strong>trime,</strong></span> <span class='ocrx_word' id='word_1_130' title='bbox 498 2048 593 2134; x_wconf 86' lang='lat' dir='ltr'><strong>multo</strong></span> <span class='ocrx_word' id='word_1_131' title='bbox 616 2047 689 2106; x_wconf 83' lang='lat' dir='ltr'><strong>milri</strong></span> <span class='ocrx_word' id='word_1_132' title='bbox 712 2047 827 2106; x_wconf 73' lang='lat' dir='ltr'><strong>facilius</strong></span> <span class='ocrx_word' id='word_1_133' title='bbox 848 2048 962 2108; x_wconf 85' lang='lat' dir='ltr'><strong>moveri</strong></span> <span class='ocrx_word' id='word_1_134' title='bbox 984 2068 1072 2128; x_wconf 85' lang='lat' dir='ltr'><strong>posse</strong></span> <span class='ocrx_word' id='word_1_135' title='bbox 1086 2047 1218 2122; x_wconf 80' lang='lat' dir='ltr'><strong>videtur,</strong></span> <span class='ocrx_word' id='word_1_136' title='bbox 1241 2069 1336 2128; x_wconf 88' lang='lat' dir='ltr'><strong>quam</strong></span> <span class='ocrx_word' id='word_1_137' title='bbox 1366 2078 1371 2084; x_wconf 54' lang='lat'>¹</span> 
     </span>
     <span class='ocr_line' id='line_1_18' title="bbox 219 2131 1336 2228; baseline -0.002 -20"><span class='ocrx_word' id='word_1_138' title='bbox 219 2150 340 2210; x_wconf 83' lang='lat' dir='ltr'><strong>-altera</strong></span> <span class='ocrx_word' id='word_1_139' title='bbox 367 2149 496 2210; x_wconf 71' lang='lat' dir='ltr'><strong>naratio</strong></span> <span class='ocrx_word' id='word_1_140' title='bbox 520 2165 646 2228; x_wconf 76' lang='lat' dir='ltr'><strong>proteus</strong></span> <span class='ocrx_word' id='word_1_141' title='bbox 669 2145 801 2225; x_wconf 83' lang='lat' dir='ltr'><strong>indigna.</strong></span> <span class='ocrx_word' id='word_1_142' title='bbox 831 2131 968 2222; x_wconf 76' lang='lat' dir='ltr'><strong>Quartus</strong></span> <span class='ocrx_word' id='word_1_143' title='bbox 989 2147 1069 2206; x_wconf 90' lang='lat' dir='ltr'><strong>enim</strong></span> <span class='ocrx_word' id='word_1_144' title='bbox 1101 2147 1178 2205; x_wconf 88' lang='lat' dir='ltr'><strong>liber</strong></span> <span class='ocrx_word' id='word_1_145' title='bbox 1203 2147 1336 2226; x_wconf 77' lang='lat' dir='ltr'><strong>Augusti</strong></span> 
     </span>
    </p>
   </div>
   <div class='ocr_carea' id='block_1_3' title="bbox 142 2243 1338 2328">
    <p class='ocr_par' dir='ltr' id='par_1_3' title="bbox 142 2243 1338 2328">
     <span class='ocr_line' id='line_1_19' title="bbox 142 2243 1338 2328; baseline -0.002 -21"><span class='ocrx_word' id='word_1_146' title='bbox 142 2249 147 2259; x_wconf 89' lang='grc'><em>“</em></span> <span class='ocrx_word' id='word_1_147' title='bbox 245 2249 434 2328; x_wconf 84' lang='lat' dir='ltr'><strong>potissimum</strong></span> <span class='ocrx_word' id='word_1_148' title='bbox 452 2257 559 2328; x_wconf 73' lang='lat' dir='ltr'><strong>rogatu</strong></span> <span class='ocrx_word' id='word_1_149' title='bbox 584 2245 682 2304; x_wconf 84' lang='lat' dir='ltr'><strong>editus</strong></span> <span class='ocrx_word' id='word_1_150' title='bbox 701 2244 896 2326; x_wconf 85' lang='lat' dir='ltr'><strong>eiusdemque</strong></span> <span class='ocrx_word' id='word_1_151' title='bbox 908 2243 1051 2306; x_wconf 77' lang='lat' dir='ltr'><strong>laudibus</strong></span> <span class='ocrx_word' id='word_1_152' title='bbox 1072 2245 1338 2306; x_wconf 81' lang='lat' dir='ltr'><strong>meximetledilus</strong></span> 
     </span>
    </p>
   </div>
   <div class='ocr_carea' id='block_1_4' title="bbox 240 2343 1433 3514">
    <p class='ocr_par' dir='ltr' id='par_1_4' title="bbox 240 2343 1433 3514">
     <span class='ocr_line' id='line_1_20' title="bbox 246 2343 1433 2425; baseline -0.007 -19"><span class='ocrx_word' id='word_1_153' title='bbox 246 2345 462 2412; x_wconf 81' lang='lat' dir='ltr'><strong>tamenlrabet</strong></span> <span class='ocrx_word' id='word_1_154' title='bbox 481 2346 615 2404; x_wconf 78' lang='lat' dir='ltr'><strong>inamiala</strong></span> <span class='ocrx_word' id='word_1_155' title='bbox 638 2346 828 2423; x_wconf 77' lang='lat' dir='ltr'><strong>imperatoris</strong></span> <span class='ocrx_word' id='word_1_156' title='bbox 850 2347 975 2425; x_wconf 85' lang='lat' dir='ltr'><strong>eiusque</strong></span> <span class='ocrx_word' id='word_1_157' title='bbox 999 2343 1129 2404; x_wconf 89' lang='lat' dir='ltr'><strong>lamiliae</strong></span> <span class='ocrx_word' id='word_1_158' title='bbox 1152 2345 1263 2406; x_wconf 82' lang='lat' dir='ltr'><strong>lronori</strong></span> <span class='ocrx_word' id='word_1_159' title='bbox 1287 2365 1338 2403; x_wconf 83' lang='lat' dir='ltr'><strong>ox.</strong></span> <span class='ocrx_word' id='word_1_160' title='bbox 1431 2403 1433 2412; x_wconf 48' lang='grc'><strong>,</strong></span> 
     </span>
     <span class='ocr_line' id='line_1_21' title="bbox 247 2443 1337 2524; baseline -0.004 -17"><span class='ocrx_word' id='word_1_161' title='bbox 247 2444 347 2524; x_wconf 76' lang='lat' dir='ltr'><strong>ampla</strong></span> <span class='ocrx_word' id='word_1_162' title='bbox 358 2444 494 2504; x_wconf 82' lang='lat' dir='ltr'><strong>orrrnium</strong></span> <span class='ocrx_word' id='word_1_163' title='bbox 508 2461 622 2516; x_wconf 81' lang='lat' dir='ltr'><strong>rerum,</strong></span> <span class='ocrx_word' id='word_1_164' title='bbox 641 2463 716 2523; x_wconf 89' lang='lat' dir='ltr'><strong>quas</strong></span> <span class='ocrx_word' id='word_1_165' title='bbox 740 2444 769 2502; x_wconf 89' lang='lat' dir='ltr'><strong>in</strong></span> <span class='ocrx_word' id='word_1_166' title='bbox 784 2443 908 2524; x_wconf 88' lang='lat' dir='ltr'><strong>reliquis</strong></span> <span class='ocrx_word' id='word_1_167' title='bbox 922 2443 1010 2504; x_wconf 86' lang='lat' dir='ltr'><strong>libris</strong></span> <span class='ocrx_word' id='word_1_168' title='bbox 1030 2467 1046 2504; x_wconf 89' lang='lat' dir='ltr'><strong>a</strong></span> <span class='ocrx_word' id='word_1_169' title='bbox 1069 2452 1159 2524; x_wconf 85' lang='lat' dir='ltr'><strong>poeta</strong></span> <span class='ocrx_word' id='word_1_170' title='bbox 1175 2443 1337 2504; x_wconf 81' lang='lat' dir='ltr'><strong>illustratas</strong></span> 
     </span>
     <span class='ocr_line' id='line_1_22' title="bbox 246 2541 1339 2620; baseline 0.007 -20"><span class='ocrx_word' id='word_1_171' title='bbox 246 2543 403 2608; x_wconf 81' lang='lat' dir='ltr'><strong>habemns.</strong></span> <span class='ocrx_word' id='word_1_172' title='bbox 430 2541 515 2617; x_wconf 81' lang='lat' dir='ltr'><strong>Quid</strong></span> <span class='ocrx_word' id='word_1_173' title='bbox 536 2542 641 2601; x_wconf 79' lang='lat' dir='ltr'><strong>enim?</strong></span> <span class='ocrx_word' id='word_1_174' title='bbox 671 2541 777 2600; x_wconf 84' lang='lat' dir='ltr'><strong>Nonne</strong></span> <span class='ocrx_word' id='word_1_175' title='bbox 800 2554 954 2602; x_wconf 88' lang='lat' dir='ltr'><strong>canuntur</strong></span> <span class='ocrx_word' id='word_1_176' title='bbox 980 2543 1021 2602; x_wconf 88' lang='lat' dir='ltr'><strong>ibi</strong></span> <span class='ocrx_word' id='word_1_177' title='bbox 1041 2563 1159 2604; x_wconf 85' lang='lat' dir='ltr'><strong>amores</strong></span> <span class='ocrx_word' id='word_1_178' title='bbox 1177 2548 1285 2620; x_wconf 77' lang='lat' dir='ltr'><strong>(carm.</strong></span> <span class='ocrx_word' id='word_1_179' title='bbox 1313 2563 1339 2608; x_wconf 83' lang='lat' dir='ltr'><strong>r.</strong></span> 
     </span>
     <span class='ocr_line' id='line_1_23' title="bbox 240 2629 1340 2722; baseline 0.002 -22"><span class='ocrx_word' id='word_1_180' title='bbox 240 2629 297 2706; x_wconf 69' lang='lat' dir='ltr'><strong>¹ro.</strong></span> <span class='ocrx_word' id='word_1_181' title='bbox 317 2639 383 2713; x_wconf 62' lang='lat' dir='ltr'><strong>rat,</strong></span> <span class='ocrx_word' id='word_1_182' title='bbox 403 2659 453 2700; x_wconf 83' lang='lat' dir='ltr'><strong>ars</strong></span> <span class='ocrx_word' id='word_1_183' title='bbox 465 2640 591 2716; x_wconf 82' lang='lat' dir='ltr'><strong>poetica,</strong></span> <span class='ocrx_word' id='word_1_184' title='bbox 609 2637 706 2713; x_wconf 80' lang='lat' dir='ltr'><strong>illusa,</strong></span> <span class='ocrx_word' id='word_1_185' title='bbox 732 2641 827 2717; x_wconf 83' lang='lat' dir='ltr'><strong>pietas</strong></span> <span class='ocrx_word' id='word_1_186' title='bbox 850 2641 1028 2722; x_wconf 77' lang='lat' dir='ltr'><strong>(caran.3.),</strong></span> <span class='ocrx_word' id='word_1_187' title='bbox 1051 2644 1183 2702; x_wconf 87' lang='lat' dir='ltr'><strong>amicitia</strong></span> <span class='ocrx_word' id='word_1_188' title='bbox 1198 2640 1340 2720; x_wconf 66' lang='lat' dir='ltr'><strong>[earmils</strong></span> 
     </span>
     <span class='ocr_line' id='line_1_24' title="bbox 247 2733 1339 2822; baseline 0 -22"><span class='ocrx_word' id='word_1_189' title='bbox 247 2761 278 2822; x_wconf 78' lang='lat'><strong>9.</strong></span> <span class='ocrx_word' id='word_1_190' title='bbox 295 2743 365 2813; x_wconf 68' lang='lat' dir='ltr'><strong>till,</strong></span> <span class='ocrx_word' id='word_1_191' title='bbox 389 2737 498 2800; x_wconf 83' lang='lat' dir='ltr'><strong>Nonne.</strong></span> <span class='ocrx_word' id='word_1_192' title='bbox 510 2737 622 2798; x_wconf 84' lang='lat' dir='ltr'><strong>dantur</strong></span> <span class='ocrx_word' id='word_1_193' title='bbox 643 2736 682 2798; x_wconf 90' lang='lat' dir='ltr'><strong>ibi</strong></span> <span class='ocrx_word' id='word_1_194' title='bbox 699 2751 861 2820; x_wconf 81' lang='lat' dir='ltr'><strong>praecepta</strong></span> <span class='ocrx_word' id='word_1_195' title='bbox 871 2733 1023 2821; x_wconf 83' lang='lat' dir='ltr'><strong>sapienter</strong></span> <span class='ocrx_word' id='word_1_196' title='bbox 1033 2752 1063 2801; x_wconf 88' lang='lat' dir='ltr'><strong>et</strong></span> <span class='ocrx_word' id='word_1_197' title='bbox 1079 2741 1205 2802; x_wconf 85' lang='lat' dir='ltr'><strong>honeste</strong></span> <span class='ocrx_word' id='word_1_198' title='bbox 1217 2739 1339 2800; x_wconf 77' lang='lat' dir='ltr'><strong>vivendi</strong></span> 
     </span>
     <span class='ocr_line' id='line_1_25' title="bbox 249 2828 1340 2921; baseline -0.001 -22"><span class='ocrx_word' id='word_1_199' title='bbox 249 2828 354 2916; x_wconf 74' lang='lat' dir='ltr'><strong>(earm.</strong></span> <span class='ocrx_word' id='word_1_200' title='bbox 380 2835 440 2919; x_wconf 83' lang='lat'><strong>7)?</strong></span> <span class='ocrx_word' id='word_1_201' title='bbox 482 2837 591 2900; x_wconf 81' lang='lat' dir='ltr'><strong>Nonne</strong></span> <span class='ocrx_word' id='word_1_202' title='bbox 612 2835 702 2898; x_wconf 80' lang='lat' dir='ltr'><strong>eliam</strong></span> <span class='ocrx_word' id='word_1_203' title='bbox 729 2850 865 2898; x_wconf 82' lang='lat' dir='ltr'><strong>utortuae</strong></span> <span class='ocrx_word' id='word_1_204' title='bbox 884 2841 942 2899; x_wconf 87' lang='lat' dir='ltr'><strong>iarn</strong></span> <span class='ocrx_word' id='word_1_205' title='bbox 966 2841 1105 2911; x_wconf 82' lang='lat' dir='ltr'><strong>Cinarae,</strong></span> <span class='ocrx_word' id='word_1_206' title='bbox 1127 2839 1246 2921; x_wconf 80' lang='lat' dir='ltr'><strong>praellae</strong></span> <span class='ocrx_word' id='word_1_207' title='bbox 1266 2839 1340 2899; x_wconf 82' lang='lat' dir='ltr'><strong>olim</strong></span> 
     </span>
     <span class='ocr_line' id='line_1_26' title="bbox 251 2937 1339 3021; baseline -0.002 -23"><span class='ocrx_word' id='word_1_208' title='bbox 251 2959 322 3002; x_wconf 84' lang='lat' dir='ltr'><strong>rere</strong></span> <span class='ocrx_word' id='word_1_209' title='bbox 341 2947 470 3006; x_wconf 81' lang='lat' dir='ltr'><strong>amatae,</strong></span> <span class='ocrx_word' id='word_1_210' title='bbox 494 2945 579 3016; x_wconf 81' lang='lat' dir='ltr'><strong>grata</strong></span> <span class='ocrx_word' id='word_1_211' title='bbox 602 2938 748 2996; x_wconf 88' lang='lat' dir='ltr'><strong>memoria</strong></span> <span class='ocrx_word' id='word_1_212' title='bbox 772 2951 939 2998; x_wconf 77' lang='lat' dir='ltr'><strong>renovatur</strong></span> <span class='ocrx_word' id='word_1_213' title='bbox 961 2937 1004 3021; x_wconf 85' lang='lat' dir='ltr'><strong>(c.</strong></span> <span class='ocrx_word' id='word_1_214' title='bbox 1032 2940 1099 3014; x_wconf 72' lang='lat' dir='ltr'><strong>til?</strong></span> <span class='ocrx_word' id='word_1_215' title='bbox 1141 2939 1223 3016; x_wconf 87' lang='lat' dir='ltr'><strong>Quid</strong></span> <span class='ocrx_word' id='word_1_216' title='bbox 1245 2939 1339 3020; x_wconf 85' lang='lat' dir='ltr'><strong>igitur</strong></span> 
     </span>
     <span class='ocr_line' id='line_1_27' title="bbox 253 3033 1338 3116; baseline -0.005 -17"><span class='ocrx_word' id='word_1_217' title='bbox 253 3043 375 3109; x_wconf 85' lang='lat' dir='ltr'><strong>mirum,</strong></span> <span class='ocrx_word' id='word_1_218' title='bbox 411 3037 435 3094; x_wconf 85' lang='lat' dir='ltr'><strong>si</strong></span> <span class='ocrx_word' id='word_1_219' title='bbox 458 3033 578 3114; x_wconf 77' lang='lat' dir='ltr'><strong>Virgilii</strong></span> <span class='ocrx_word' id='word_1_220' title='bbox 598 3056 732 3116; x_wconf 80' lang='lat' dir='ltr'><strong>qrmque,</strong></span> <span class='ocrx_word' id='word_1_221' title='bbox 762 3039 809 3094; x_wconf 84' lang='lat' dir='ltr'><strong>eui</strong></span> <span class='ocrx_word' id='word_1_222' title='bbox 836 3048 955 3116; x_wconf 80' lang='lat' dir='ltr'><strong>praeter</strong></span> <span class='ocrx_word' id='word_1_223' title='bbox 985 3039 1189 3098; x_wconf 81' lang='lat' dir='ltr'><strong>Maecenatem</strong></span> <span class='ocrx_word' id='word_1_224' title='bbox 1214 3037 1338 3096; x_wconf 81' lang='lat' dir='ltr'><strong>maxima</strong></span> 
     </span>
     <span class='ocr_line' id='line_1_28' title="bbox 252 3133 1343 3221; baseline -0.003 -25"><span class='ocrx_word' id='word_1_225' title='bbox 252 3137 399 3196; x_wconf 80' lang='lat' dir='ltr'><strong>beneficia</strong></span> <span class='ocrx_word' id='word_1_226' title='bbox 421 3133 548 3194; x_wconf 78' lang='lat' dir='ltr'><strong>deberet</strong></span> <span class='ocrx_word' id='word_1_227' title='bbox 572 3133 723 3210; x_wconf 76' lang='lat' dir='ltr'><strong>Horatius,</strong></span> <span class='ocrx_word' id='word_1_228' title='bbox 758 3155 855 3221; x_wconf 87' lang='lat' dir='ltr'><strong>aquo</strong></span> <span class='ocrx_word' id='word_1_229' title='bbox 877 3133 1202 3208; x_wconf 73' lang='lat' dir='ltr'><strong>commentlatus‘esset</strong></span> <span class='ocrx_word' id='word_1_230' title='bbox 1224 3139 1343 3196; x_wconf 84' lang='lat' dir='ltr'><strong>Maer‘e.</strong></span> 
     </span>
     <span class='ocr_line' id='line_1_29' title="bbox 253 3233 1342 3315; baseline -0.003 -20"><span class='ocrx_word' id='word_1_231' title='bbox 253 3237 329 3310; x_wconf 84' lang='lat' dir='ltr'><strong>nati,</strong></span> <span class='ocrx_word' id='word_1_232' title='bbox 349 3235 503 3315; x_wconf 86' lang='lat' dir='ltr'><strong>egregium</strong></span> <span class='ocrx_word' id='word_1_233' title='bbox 525 3233 647 3314; x_wconf 83' lang='lat' dir='ltr'><strong>aliquod</strong></span> <span class='ocrx_word' id='word_1_234' title='bbox 670 3233 778 3292; x_wconf 78' lang='lat' dir='ltr'><strong>veteris</strong></span> <span class='ocrx_word' id='word_1_235' title='bbox 801 3234 952 3296; x_wconf 79' lang='lat' dir='ltr'><strong>amicitiae</strong></span> <span class='ocrx_word' id='word_1_236' title='bbox 973 3248 1002 3295; x_wconf 89' lang='lat' dir='ltr'><strong>et</strong></span> <span class='ocrx_word' id='word_1_237' title='bbox 1026 3237 1105 3315; x_wconf 83' lang='lat' dir='ltr'><strong>grati</strong></span> <span class='ocrx_word' id='word_1_238' title='bbox 1127 3236 1218 3295; x_wconf 90' lang='lat' dir='ltr'><strong>animi</strong></span> <span class='ocrx_word' id='word_1_239' title='bbox 1234 3255 1342 3294; x_wconf 87' lang='lat' dir='ltr'><strong>monn.</strong></span> 
     </span>
     <span class='ocr_line' id='line_1_30' title="bbox 255 3319 1340 3413; baseline 0 -19"><span class='ocrx_word' id='word_1_240' title='bbox 255 3343 392 3394; x_wconf 86' lang='lat' dir='ltr'><strong>mentum</strong></span> <span class='ocrx_word' id='word_1_241' title='bbox 424 3334 544 3411; x_wconf 77' lang='lat' dir='ltr'><strong>exigere</strong></span> <span class='ocrx_word' id='word_1_242' title='bbox 567 3330 690 3392; x_wconf 78' lang='lat' dir='ltr'><strong>voluit?</strong></span> <span class='ocrx_word' id='word_1_243' title='bbox 735 3331 767 3390; x_wconf 91' lang='lat' dir='ltr'><strong>ld</strong></span> <span class='ocrx_word' id='word_1_244' title='bbox 792 3343 892 3392; x_wconf 85' lang='lat' dir='ltr'><strong>aulem</strong></span> <span class='ocrx_word' id='word_1_245' title='bbox 916 3345 949 3393; x_wconf 90' lang='lat' dir='ltr'><strong>ut</strong></span> <span class='ocrx_word' id='word_1_246' title='bbox 971 3334 1089 3413; x_wconf 80' lang='lat' dir='ltr'><strong>laceret,</strong></span> <span class='ocrx_word' id='word_1_247' title='bbox 1121 3355 1155 3394; x_wconf 76' lang='lat' dir='ltr'><strong>ea</strong></span> <span class='ocrx_word' id='word_1_248' title='bbox 1174 3319 1340 3395; x_wconf 77' lang='lat' dir='ltr'><strong>carminum</strong></span> 
     </span>
     <span class='ocr_line' id='line_1_31' title="bbox 256 3429 1342 3514; baseline 0 -22"><span class='ocrx_word' id='word_1_249' title='bbox 256 3433 343 3513; x_wconf 73' lang='lat' dir='ltr'><strong>eopia</strong></span> <span class='ocrx_word' id='word_1_250' title='bbox 368 3429 559 3490; x_wconf 84' lang='lat' dir='ltr'><strong>lroovidetur</strong></span> <span class='ocrx_word' id='word_1_251' title='bbox 581 3431 723 3490; x_wconf 79' lang='lat' dir='ltr'><strong>sumsisse</strong></span> <span class='ocrx_word' id='word_1_252' title='bbox 746 3441 906 3512; x_wconf 77' lang='lat' dir='ltr'><strong>prepterea</strong></span> <span class='ocrx_word' id='word_1_253' title='bbox 928 3433 1010 3514; x_wconf 90' lang='lat' dir='ltr'><strong>quod</strong></span> <span class='ocrx_word' id='word_1_254' title='bbox 1028 3433 1092 3493; x_wconf 87' lang='lat' dir='ltr'><strong>eius</strong></span> <span class='ocrx_word' id='word_1_255' title='bbox 1113 3435 1258 3513; x_wconf 82' lang='lat' dir='ltr'><strong>temporis</strong></span> <span class='ocrx_word' id='word_1_256' title='bbox 1279 3453 1342 3492; x_wconf 82' lang='lat' dir='ltr'><strong>me·</strong></span> 
     </span>
    </p>
   </div>
   <div class='ocr_carea' id='block_1_5' title="bbox 101 3519 1342 3610">
    <p class='ocr_par' dir='ltr' id='par_1_5' title="bbox 101 3519 1342 3610">
     <span class='ocr_line' id='line_1_32' title="bbox 101 3519 1342 3610; baseline -0.004 -18"><span class='ocrx_word' id='word_1_257' title='bbox 101 3519 107 3532; x_wconf 62' lang='grc'><strong>’</strong></span> <span class='ocrx_word' id='word_1_258' title='bbox 200 3536 202 3539; x_wconf 73' lang='grc'><strong>’</strong></span> <span class='ocrx_word' id='word_1_259' title='bbox 258 3533 384 3592; x_wconf 87' lang='lat' dir='ltr'><strong>moriam</strong></span> <span class='ocrx_word' id='word_1_260' title='bbox 399 3532 543 3606; x_wconf 70' lang='lat' dir='ltr'><strong>restituit,</strong></span> <span class='ocrx_word' id='word_1_261' title='bbox 568 3549 630 3609; x_wconf 86' lang='lat' dir='ltr'><strong>quo</strong></span> <span class='ocrx_word' id='word_1_262' title='bbox 643 3529 705 3610; x_wconf 84' lang='lat' dir='ltr'><strong>ipse</strong></span> <span class='ocrx_word' id='word_1_263' title='bbox 729 3531 895 3591; x_wconf 82' lang='lat' dir='ltr'><strong>Maecenati</strong></span> <span class='ocrx_word' id='word_1_264' title='bbox 911 3533 1045 3592; x_wconf 89' lang='lat' dir='ltr'><strong>nondum</strong></span> <span class='ocrx_word' id='word_1_265' title='bbox 1068 3543 1133 3592; x_wconf 84' lang='lat' dir='ltr'><strong>erat</strong></span> <span class='ocrx_word' id='word_1_266' title='bbox 1149 3543 1250 3608; x_wconf 85' lang='lat' dir='ltr'><strong>notus,</strong></span> <span class='ocrx_word' id='word_1_267' title='bbox 1271 3531 1342 3591; x_wconf 87' lang='lat' dir='ltr'><strong>Vir.</strong></span> 
     </span>
    </p>
   </div>
   <div class='ocr_carea' id='block_1_6' title="bbox 258 3627 1344 3712">
    <p class='ocr_par' dir='ltr' id='par_1_6' title="bbox 258 3627 1344 3712">
     <span class='ocr_line' id='line_1_33' title="bbox 258 3627 1344 3712; baseline -0.005 -22"><span class='ocrx_word' id='word_1_268' title='bbox 258 3630 347 3712; x_wconf 84' lang='lat' dir='ltr'><strong>gilius</strong></span> <span class='ocrx_word' id='word_1_269' title='bbox 368 3632 450 3690; x_wconf 86' lang='lat' dir='ltr'><strong>viam</strong></span> <span class='ocrx_word' id='word_1_270' title='bbox 475 3629 614 3688; x_wconf 83' lang='lat' dir='ltr'><strong>sibilum</strong></span> <span class='ocrx_word' id='word_1_271' title='bbox 639 3627 810 3709; x_wconf 82' lang='lat' dir='ltr'><strong>muniverat</strong></span> <span class='ocrx_word' id='word_1_272' title='bbox 831 3629 867 3689; x_wconf 80' lang='lat' dir='ltr'><strong>iul</strong></span> <span class='ocrx_word' id='word_1_273' title='bbox 892 3650 1018 3712; x_wconf 83' lang='lat' dir='ltr'><strong>magnos</strong></span> <span class='ocrx_word' id='word_1_274' title='bbox 1041 3653 1120 3712; x_wconf 90' lang='lat' dir='ltr'><strong>qnos</strong></span> <span class='ocrx_word' id='word_1_275' title='bbox 1150 3642 1250 3711; x_wconf 80' lang='lat' dir='ltr'><strong>postea</strong></span> <span class='ocrx_word' id='word_1_276' title='bbox 1274 3631 1344 3688; x_wconf 83' lang='lat' dir='ltr'><strong>ade.</strong></span> 
     </span>
    </p>
   </div>
   <div class='ocr_carea' id='block_1_7' title="bbox 157 3725 1345 3812">
    <p class='ocr_par' dir='ltr' id='par_1_7' title="bbox 157 3725 1345 3812">
     <span class='ocr_line' id='line_1_34' title="bbox 157 3725 1345 3812; baseline -0.002 -22"><span class='ocrx_word' id='word_1_277' title='bbox 157 3796 159 3802; x_wconf 41' lang='grc'>,</span> <span class='ocrx_word' id='word_1_278' title='bbox 260 3741 328 3812; x_wconf 82' lang='lat' dir='ltr'><strong>ptus</strong></span> <span class='ocrx_word' id='word_1_279' title='bbox 349 3739 395 3790; x_wconf 86' lang='lat' dir='ltr'><strong>est</strong></span> <span class='ocrx_word' id='word_1_280' title='bbox 415 3728 553 3792; x_wconf 85' lang='lat' dir='ltr'><strong>honores.</strong></span> <span class='ocrx_word' id='word_1_281' title='bbox 583 3729 684 3787; x_wconf 75' lang='lat' dir='ltr'><strong>&#39;Nam</strong></span> <span class='ocrx_word' id='word_1_282' title='bbox 715 3729 754 3785; x_wconf 83' lang='lat' dir='ltr'><strong>iu&#39;</strong></span> <span class='ocrx_word' id='word_1_283' title='bbox 780 3729 924 3788; x_wconf 83' lang='lat' dir='ltr'><strong>nobilibus</strong></span> <span class='ocrx_word' id='word_1_284' title='bbox 955 3732 1109 3790; x_wconf 78' lang='lat' dir='ltr'><strong>iuvenibus</strong></span> <span class='ocrx_word' id='word_1_285' title='bbox 1143 3725 1345 3791; x_wconf 84' lang='lat' dir='ltr'><strong>Maecenatem</strong></span> 
     </span>
    </p>
   </div>
   <div class='ocr_carea' id='block_1_8' title="bbox 152 3825 1367 4114">
    <p class='ocr_par' dir='ltr' id='par_1_8' title="bbox 152 3825 1367 4114">
     <span class='ocr_line' id='line_1_35' title="bbox 260 3825 1345 3912; baseline -0.001 -24"><span class='ocrx_word' id='word_1_286' title='bbox 260 3845 386 3912; x_wconf 84' lang='lat' dir='ltr'><strong>qnoque</strong></span> <span class='ocrx_word' id='word_1_287' title='bbox 413 3839 474 3888; x_wconf 73' lang='lat' dir='ltr'><strong>etse</strong></span> <span class='ocrx_word' id='word_1_288' title='bbox 496 3835 617 3907; x_wconf 87' lang='lat' dir='ltr'><strong>praeter</strong></span> <span class='ocrx_word' id='word_1_289' title='bbox 637 3825 820 3904; x_wconf 88' lang='lat' dir='ltr'><strong>Pollionem,</strong></span> <span class='ocrx_word' id='word_1_290' title='bbox 856 3827 1035 3910; x_wconf 74' lang='lat' dir='ltr'><strong>Agrippam,</strong></span> <span class='ocrx_word' id='word_1_291' title='bbox 1069 3830 1140 3890; x_wconf 83' lang='lat' dir='ltr'><strong>alios</strong></span> <span class='ocrx_word' id='word_1_292' title='bbox 1165 3830 1293 3912; x_wconf 80' lang='lat' dir='ltr'><strong>egregie,</strong></span> <span class='ocrx_word' id='word_1_293' title='bbox 1321 3827 1345 3888; x_wconf 88' lang='lat' dir='ltr'><strong>si</strong></span> 
     </span>
     <span class='ocr_line' id='line_1_36' title="bbox 262 3921 1367 4012; baseline -0.002 -24"><span class='ocrx_word' id='word_1_294' title='bbox 262 3928 338 4012; x_wconf 85' lang='lat' dir='ltr'><strong>quid</strong></span> <span class='ocrx_word' id='word_1_295' title='bbox 364 3928 475 4000; x_wconf 83' lang='lat' dir='ltr'><strong>sentio,</strong></span> <span class='ocrx_word' id='word_1_296' title='bbox 508 3921 832 4002; x_wconf 76' lang='lat' dir='ltr'><strong>Bollaimaffirmavit,</strong></span> <span class='ocrx_word' id='word_1_297' title='bbox 864 3927 1020 4006; x_wconf 79' lang='lat' dir='ltr'><strong>Duentzer</strong></span> <span class='ocrx_word' id='word_1_298' title='bbox 1038 3921 1209 3990; x_wconf 57' lang='lat' dir='ltr'><strong>consensit(</strong></span> <span class='ocrx_word' id='word_1_299' title='bbox 1244 3927 1367 4010; x_wconf 28' lang='lat' dir='ltr'><strong>Neque·</strong></span> 
     </span>
     <span class='ocr_line' id='line_1_37' title="bbox 152 4024 1347 4114; baseline -0.007 -21"><span class='ocrx_word' id='word_1_300' title='bbox 152 4085 157 4093; x_wconf 95' lang='lat'>.</span> <span class='ocrx_word' id='word_1_301' title='bbox 264 4029 324 4091; x_wconf 83' lang='lat' dir='ltr'><strong>iam</strong></span> <span class='ocrx_word' id='word_1_302' title='bbox 347 4025 512 4110; x_wconf 86' lang='lat' dir='ltr'><strong>quidquam</strong></span> <span class='ocrx_word' id='word_1_303' title='bbox 537 4024 661 4084; x_wconf 83' lang='lat' dir='ltr'><strong>obstare</strong></span> <span class='ocrx_word' id='word_1_304' title='bbox 682 4035 768 4106; x_wconf 80' lang='lat' dir='ltr'><strong>puto,</strong></span> <span class='ocrx_word' id='word_1_305' title='bbox 788 4027 949 4106; x_wconf 84' lang='lat' dir='ltr'><strong>quominus</strong></span> <span class='ocrx_word' id='word_1_306' title='bbox 970 4049 1091 4089; x_wconf 86' lang='lat' dir='ltr'><strong>carmen</strong></span> <span class='ocrx_word' id='word_1_307' title='bbox 1118 4029 1199 4088; x_wconf 88' lang='lat' dir='ltr'><strong>anno</strong></span> <span class='ocrx_word' id='word_1_308' title='bbox 1222 4025 1282 4110; x_wconf 73' lang='lat'><strong>7¹4</strong></span> <span class='ocrx_word' id='word_1_309' title='bbox 1298 4024 1347 4114; x_wconf 76' lang='lat' dir='ltr'><strong>rel</strong></span> 
     </span>
    </p>
   </div>
   <div class='ocr_carea' id='block_1_9' title="bbox 0 0 1489 4772">
    <p class='ocr_par' dir='ltr' id='par_1_9' title="bbox 0 0 1489 4772">
     <span class='ocr_line' id='line_1_38' title="bbox 0 0 1489 4772; baseline 0 0"><span class='ocrx_word' id='word_1_310' title='bbox 0 0 1489 4772; x_wconf 95' lang='lat' dir='ltr'><strong> </strong></span> 
     </span>
    </p>
   </div>
  </div>
 </body>
</html>
