2982 4782
656 313 913 446 ...302

230 553 312 628 'Viro
332 554 551 626 Docto'unum
567 560 663 629 ‚etiam
692 559 792 620 locum
822 559 868 620 ad
883 559 1144 644 comprobandam
1164 549 1249 620 suam
1271 557 1352 620 ex·'

231 645 425 750 plicationem
456 661 598 722 idoneum
617 659 733 726 'afferre
761 659 942 740 placuisset!
989 653 1091 722 Mdvet
1122 663 1324 742 suspicionem

232 764 363 826 insolens
386 784 419 822 ee
441 783 506 825 voe.
529 773 623 828 tenax
654 759 854 840 significati03
891 770 922 818 et
947 759 1048 819 licebit
1080 759 1206 840 quidem
1229 759 1324 819 dubi-

209 859 315 959 Here,
345 861 490 942 quamdiu
523 860 665 918 similium
698 855 835 918 locorum
865 861 1033 918 auctoritas
1061 879 1121 918 uon
1152 861 1327 924 accesserit.
1406 880 1411 889 ¹

226 932 494 1042 bequiescendum
520 957 630 1036 igitur
635 957 693 1016 erit
716 957 744 1014 in
767 955 884 1036 vulgari
907 977 968 1014 non
993 955 1049 1016 loci
1072 955 1250 1032 intellectu,
1273 953 1326 1015 sed
1362 1031 1364 1038 Ι

233 1057 380 1119 vocabuli
402 1053 632 1136 significatione.
674 1055 808 1121 Tenucia
833 1056 916 1114 enim
946 1064 979 1112 ut
1013 1075 1140 1114 omnmo
1174 1073 1210 1114 ea
1241 1065 1326 1127 sum,

233 1153 417 1238 quaequod
448 1153 642 1236 contigerunt
668 1155 815 1212 continuo
849 1153 1000 1232 arripiunt
1029 1139 1330 1232 nequet'remittnnt

234 1255 284 1316 vel
308 1253 422 1314 nolunt
449 1261 530 1310 certe
564 1253 743 1325 remittere,
781 1251 822 1309 ita
855 1264 977 1328 gramen
1005 1259 1129 1330 propter
1160 1271 1228 1310 eam
1252 1253 1325 1315 *re'm

234 1355 334 1411 tenax
358 1351 431 1409 mibi
454 1346 577 1410 videtur
606 1370 695 1419 esse,
735 1347 985 1436 quodeuntibns
1005 1343 1261 1428 impedimentum
1280 1361 1326 1408 est

235 1447 430 1528 procedendi,
453 1447 533 1528 quod
558 1446 647 1527 pedes
668 1448 755 1526 quasi
778 1457 870 1506 tenet.
914 1447 960 1506 lta
985 1447 1098 1506 herbae
1120 1458 1240 1508 tenaces
1260 1468 1327 1506 aee-

235 1551 304 1627 pius
323 1545 528 1627 appellantur,
550 1567 628 1626 quae
651 1553 780 1626 propter
803 1547 997 1625 asperitatem
1023 1543 1144 1604 corticis
1162 1557 1214 1604 aut
1236 1545 1327 1604 lotio.

236 1667 306 1705 rum
330 1646 395 1704 aliis
415 1626 527 1724 plantis
548 1644 643 1703 facile
658 1643 832 1709 adbaerent.
855 1643 980 1704 ‘Veluti
1001 1658 1094 1704 tenax
1110 1643 1226 1703 hedera
1246 1645 1325 1724 apud

237 1743 406 1820 Catullum,
429 1761 522 1802 carm.
544 1741 702 1820 nuptlio.
738 1763 766 1806 v.
790 1743 856 1819 343
892 1752 964 1806 tum,
990 1742 1085 1806 Ouid.
1119 1763 1152 1802 ex
1175 1743 1264 1807 Pont.
1288 1743 1324 1815 lt,

241 1863 270 1917 1,
287 1842 323 1916 sd
347 1843 463 1917 „mixte
484 1850 571 1898 tenax
587 1841 678 1916 segeti
699 1860 837 1900 crescere.
861 1837 949 1922 lappa
965 1839 1079 1902 solet.“
1103 1840 1182 1906 Plin.
1197 1840 1327 1914 XXVll,

238 1935 396 2014 5„herba
416 1937 576 2018 asperitate
597 1939 690 1995 etiam
714 1939 843 1996 vestium
866 1941 1002 1998 tenaci.“
1046 1939 1119 1998 Pari
1150 1938 1242 1999 modo
1261 1958 1330 2018 gru.
1407 1976 1412 1980 -

239 2057 308 2096 men
333 2047 458 2120 propter
480 2034 672 2099 altitudinem
696 2043 784 2093 tenax
806 2047 873 2112 est,
896 2036 977 2116 quod
999 2047 1065 2096 tum
1092 2021 1214 2096 alenium
1237 2037 1329 2118 pedes

240 2155 302 2195 non
323 2135 395 2195 sinit
414 2135 504 2194 focile
526 2133 694 2214 proferri.
728 2135 801 2210 Quo
824 2143 927 2193 autem
951 2135 1039 2193 altius
1061 2145 1106 2194 est
1125 2157 1270 2216 gramen,
1292 2155 1329 2194 eo

240 2231 362 2292 mollius
382 2243 529 2306 stratum,
551 2235 661 2312 inquo
684 2233 752 2312 quis
776 2234 852 2291 bene
874 2235 969 2312 possit
988 2233 1109 2293 cubare.
1153 2237 1256 2313 Neque
1273 2232 1330 2292 de-

238 2331 309 2390 buit
336 2331 480 2390 Horatius
501 2342 534 2390 ut
556 2343 645 2414 poeta
670 2331 781 2408 addere
802 2331 970 2412 genitivum
995 2331 1116 2412 pedum
1158 2331 1201 2390 Et
1217 2342 1329 2402 tumen,

241 2430 265 2488 si
288 2427 430 2504 dubitas,
465 2431 528 2509 lege
555 2431 595 2489 sis
628 2430 683 2488 bos
704 2428 806 2488 locos:
847 2426 944 2491 Tacit
968 2434 1046 2494 dnn
1079 2431 1102 2500 l,
1124 2429 1164 2490 63
1201 2425 1329 2503 „cetero

161 2541 162 2544 ’
241 2525 349 2586 limosa
367 2526 486 2584 tenacia
510 2529 596 2603 gravi
623 2546 718 2584 caeno
739 2527 837 2583 aul
813 2523 885 2584 rivis
908 2527 1023 2608 incerta
1044 2533 1175 2602 erant;“
1198 2523 1343 2606 quocum

152 2612 184 2654 Ὗ
228 2622 421 2682 'conferatur
441 2619 513 2684 ibid.
537 2622 650 2696 ulid
663 2632 718 2697 „ut
741 2621 864 2681 haesere
895 2643 990 2683 coeno
1025 2625 1172 2705 tussisque
1204 2626 1328 2704 impedi·
1385 2693 1388 2696 Α

243 2727 382 2779 menta.“
426 2719 552 2799 Liquet,
588 2720 714 2780 tenacia
738 2742 800 2780 esse
825 2721 912 2796 loca,
947 2743 1025 2804 quae
1046 2733 1171 2807 prepter
1191 2716 1329 2782 eltitndi

240 2839 312 2878 nem
336 2818 421 2876 coeni
441 2817 650 2877 festinantium
673 2820 786 2908 gradus
807 2820 939 2879 tardant.
982 2823 1087 2906 Neque
1107 2831 1152 2882 est
1172 2822 1329 2894 dissimile,

242 2915 335 2997 quod
349 2916 456 2994 legitur
478 2917 557 2996 apird
579 2917 744 2994 Senecam,
769 2919 856 2980 Herc.
874 2919 939 2977 tur.
963 2919 1024 2998 678
1349 2909 1352 2911 ‚

366 3012 576 3082 ·„Graduruque
600 3021 669 3064 retro
691 3015 798 3065 flectere
818 3014 891 3079 haud
906 3033 1024 3085 uuquam
1045 3017 1137 3076 sierint

383 3099 497 3149 Umbrae
514 3107 657 3153 tenucee·“
